day,timestamp,product,bid_price_1,bid_volume_1,bid_price_2,bid_volume_2,bid_price_3,bid_volume_3,ask_price_1,ask_volume_1,ask_price_2,ask_volume_2,ask_price_3,ask_volume_3,mid_price,old_timestamp
0,0,STARFRUIT,4997,26,,,,,5003,26,,,,,5000.0,0
0,100,STARFRUIT,5000,5,4998.0,6.0,4997.0,20.0,5004,20,,,,,5002.0,100
0,200,STARFRUIT,4997,1,4996.0,30.0,,,5003,31,,,,,5000.0,200
0,300,STARFRUIT,4996,27,,,,,5003,27,,,,,4999.5,300
0,400,STARFRUIT,4995,20,,,,,5002,20,,,,,4998.5,400
0,500,STARFRUIT,5001,1,4996.0,30.0,,,5003,30,,,,,5002.0,500
0,600,STARFRUIT,4996,30,,,,,5003,30,,,,,4999.5,600
0,700,STARFRUIT,4997,1,4996.0,27.0,,,5003,28,,,,,5000.0,700
0,800,STARFRUIT,5002,1,4997.0,23.0,,,5003,2,5004.0,21.0,,,5002.5,800
0,900,STARFRUIT,5001,2,4997.0,30.0,,,5004,30,,,,,5002.5,900
0,1000,STARFRUIT,4997,2,4996.0,22.0,,,5001,8,5003.0,24.0,,,4999.0,1000
0,1100,STARFRUIT,4997,25,,,,,5002,3,5004.0,26.0,,,4999.5,1100
0,1200,STARFRUIT,4997,28,,,,,5003,1,5004.0,27.0,,,5000.0,1200
0,1300,STARFRUIT,5000,3,4997.0,23.0,,,5004,23,,,,,5002.0,1300
0,1400,STARFRUIT,4996,26,,,,,5001,2,5003.0,26.0,,,4998.5,1400
0,1500,STARFRUIT,4997,2,4996.0,25.0,,,5003,27,,,,,5000.0,1500
0,1600,STARFRUIT,4997,1,4996.0,23.0,,,5003,24,,,,,5000.0,1600
0,1700,STARFRUIT,4997,28,,,,,5002,2,5004.0,28.0,,,4999.5,1700
0,1800,STARFRUIT,4996,24,,,,,5001,1,5003.0,24.0,,,4998.5,1800
0,1900,STARFRUIT,5002,1,4997.0,1.0,4996.0,25.0,5003,26,,,,,5002.5,1900
0,2000,STARFRUIT,4996,31,,,,,5001,2,5003.0,31.0,,,4998.5,2000
0,2100,STARFRUIT,5001,4,4997.0,2.0,4996.0,20.0,5003,22,,,,,5002.0,2100
0,2200,STARFRUIT,4997,1,4996.0,25.0,,,5003,26,,,,,5000.0,2200
0,2300,STARFRUIT,4997,30,,,,,5003,2,5004.0,28.0,,,5000.0,2300
0,2400,STARFRUIT,4997,30,,,,,5004,30,,,,,5000.5,2400
0,2500,STARFRUIT,4996,21,,,,,5003,21,,,,,4999.5,2500
0,2600,STARFRUIT,4998,6,4997.0,22.0,,,5003,1,5004.0,21.0,,,5000.5,2600
0,2700,STARFRUIT,4998,27,,,,,5003,4,5004.0,1.0,5005.0,26.0,5000.5,2700
0,2800,STARFRUIT,4997,28,,,,,5004,28,,,,,5000.5,2800
0,2900,STARFRUIT,4996,30,,,,,5003,30,,,,,4999.5,2900
0,3000,STARFRUIT,4996,28,,,,,5002,2,5003.0,26.0,,,4999.0,3000
0,3100,STARFRUIT,5001,1,4997.0,1.0,4996.0,25.0,5003,25,,,,,5002.0,3100
0,3200,STARFRUIT,4996,28,,,,,5003,28,,,,,4999.5,3200
0,3300,STARFRUIT,4997,6,4996.0,20.0,,,5003,20,,,,,5000.0,3300
0,3400,STARFRUIT,4998,3,4997.0,23.0,,,5003,1,5004.0,22.0,,,5000.5,3400
0,3500,STARFRUIT,5002,1,4997.0,31.0,,,5004,31,,,,,5003.0,3500
0,3600,STARFRUIT,4997,26,,,,,5004,26,,,,,5000.5,3600
0,3700,STARFRUIT,4997,27,,,,,5004,27,,,,,5000.5,3700
0,3800,STARFRUIT,4998,2,4997.0,27.0,,,5004,27,,,,,5001.0,3800
0,3900,STARFRUIT,4997,26,,,,,5002,1,5003.0,1.0,5004.0,25.0,4999.5,3900
0,4000,STARFRUIT,4998,4,4997.0,27.0,,,5004,27,,,,,5001.0,4000
0,4100,STARFRUIT,4997,28,,,,,5002,5,5004.0,28.0,,,4999.5,4100
0,4200,STARFRUIT,4998,1,4997.0,23.0,,,5004,25,,,,,5001.0,4200
0,4300,STARFRUIT,4997,26,,,,,5004,26,,,,,5000.5,4300
0,4400,STARFRUIT,4997,29,,,,,5002,2,5003.0,1.0,5004.0,28.0,4999.5,4400
0,4500,STARFRUIT,4997,1,4996.0,29.0,,,5003,30,,,,,5000.0,4500
0,4600,STARFRUIT,4997,31,,,,,5004,31,,,,,5000.5,4600
0,4700,STARFRUIT,4997,30,,,,,5003,1,5004.0,29.0,,,5000.0,4700
0,4800,STARFRUIT,4997,26,,,,,5004,26,,,,,5000.5,4800
0,4900,STARFRUIT,4997,2,4996.0,22.0,,,5003,24,,,,,5000.0,4900
0,5000,STARFRUIT,4997,21,,,,,4998,3,5004.0,21.0,,,4997.5,5000
0,5100,STARFRUIT,4998,2,4997.0,29.0,,,5004,31,,,,,5001.0,5100
0,5200,STARFRUIT,4997,27,,,,,5003,2,5004.0,25.0,,,5000.0,5200
0,5300,STARFRUIT,4997,23,,,,,5004,23,,,,,5000.5,5300
0,5400,STARFRUIT,4998,1,4997.0,29.0,,,5004,30,,,,,5001.0,5400
0,5500,STARFRUIT,5002,4,4998.0,3.0,4997.0,28.0,5004,30,,,,,5003.0,5500
0,5600,STARFRUIT,5001,6,4998.0,32.0,,,5004,2,5005.0,30.0,,,5002.5,5600
0,5700,STARFRUIT,4999,29,,,,,5004,4,5006.0,29.0,,,5001.5,5700
0,5800,STARFRUIT,4999,28,,,,,5006,28,,,,,5002.5,5800
0,5900,STARFRUIT,4999,29,,,,,5005,1,5006.0,28.0,,,5002.0,5900
0,6000,STARFRUIT,4999,2,4998.0,21.0,,,5005,23,,,,,5002.0,6000
0,6100,STARFRUIT,4999,27,,,,,5005,1,5006.0,26.0,,,5002.0,6100
0,6200,STARFRUIT,5000,8,4999.0,25.0,,,5005,2,5006.0,23.0,,,5002.5,6200
0,6300,STARFRUIT,4998,26,,,,,5005,26,,,,,5001.5,6300
0,6400,STARFRUIT,4998,26,,,,,4999,1,5005.0,26.0,,,4998.5,6400
0,6500,STARFRUIT,4999,22,,,,,5005,1,5006.0,21.0,,,5002.0,6500
0,6600,STARFRUIT,4998,25,,,,,4999,1,5005.0,25.0,,,4998.5,6600
0,6700,STARFRUIT,4998,28,,,,,4999,4,5004.0,1.0,5005.0,27.0,4998.5,6700
0,6800,STARFRUIT,4998,8,4997.0,24.0,,,5003,1,5004.0,23.0,,,5000.5,6800
0,6900,STARFRUIT,4997,28,,,,,5004,28,,,,,5000.5,6900
0,7000,STARFRUIT,4997,24,,,,,5002,5,5004.0,24.0,,,4999.5,7000
0,7100,STARFRUIT,4998,26,,,,,4999,5,5005.0,26.0,,,4998.5,7100
0,7200,STARFRUIT,4998,27,,,,,5005,27,,,,,5001.5,7200
0,7300,STARFRUIT,4997,27,,,,,5004,28,,,,,5000.5,7300
0,7400,STARFRUIT,5003,1,4998.0,28.0,,,5005,28,,,,,5004.0,7400
0,7500,STARFRUIT,4998,26,,,,,5004,1,5005.0,25.0,,,5001.0,7500
0,7600,STARFRUIT,4997,30,,,,,5004,30,,,,,5000.5,7600
0,7700,STARFRUIT,4997,26,,,,,5004,26,,,,,5000.5,7700
0,7800,STARFRUIT,5002,1,4998.0,1.0,4997.0,21.0,5004,22,,,,,5003.0,7800
0,7900,STARFRUIT,4998,30,,,,,5004,1,5005.0,29.0,,,5001.0,7900
0,8000,STARFRUIT,4998,24,,,,,5005,24,,,,,5001.5,8000
0,8100,STARFRUIT,4998,21,,,,,5004,1,5005.0,20.0,,,5001.0,8100
0,8200,STARFRUIT,5003,1,4997.0,30.0,,,5004,30,,,,,5003.5,8200
0,8300,STARFRUIT,4999,2,4998.0,29.0,,,5005,29,,,,,5002.0,8300
0,8400,STARFRUIT,4998,25,,,,,5005,25,,,,,5001.5,8400
0,8500,STARFRUIT,4998,1,4997.0,23.0,,,5002,2,5004.0,24.0,,,5000.0,8500
0,8600,STARFRUIT,4998,1,4997.0,27.0,,,5004,28,,,,,5001.0,8600
0,8700,STARFRUIT,5002,9,4998.0,6.0,4997.0,24.0,5004,24,,,,,5003.0,8700
0,8800,STARFRUIT,5003,1,4997.0,20.0,,,5004,20,,,,,5003.5,8800
0,8900,STARFRUIT,4999,1,4998.0,27.0,,,5004,1,5005.0,26.0,,,5001.5,8900
0,9000,STARFRUIT,4997,31,,,,,5002,7,5004.0,31.0,,,4999.5,9000
0,9100,STARFRUIT,4998,24,,,,,5005,24,,,,,5001.5,9100
0,9200,STARFRUIT,4997,28,,,,,5004,28,,,,,5000.5,9200
0,9300,STARFRUIT,5001,5,4998.0,28.0,,,5004,2,5005.0,26.0,,,5002.5,9300
0,9400,STARFRUIT,4997,27,,,,,5002,7,5004.0,27.0,,,4999.5,9400
0,9500,STARFRUIT,4998,4,4997.0,25.0,,,5004,25,,,,,5001.0,9500
0,9600,STARFRUIT,5000,3,4998.0,4.0,4997.0,31.0,5004,31,,,,,5002.0,9600
0,9700,STARFRUIT,4997,30,,,,,5004,30,,,,,5000.5,9700
0,9800,STARFRUIT,4998,7,4997.0,25.0,,,5003,2,5004.0,23.0,,,5000.5,9800
0,9900,STARFRUIT,4997,2,4996.0,25.0,,,5001,1,5003.0,27.0,,,4999.0,9900
0,10000,STARFRUIT,4996,31,,,,,5003,31,,,,,4999.5,10000
0,10100,STARFRUIT,4998,6,4995.0,25.0,,,5002,25,,,,,5000.0,10100
0,10200,STARFRUIT,4996,1,4995.0,29.0,,,5002,30,,,,,4999.0,10200
0,10300,STARFRUIT,5001,1,4996.0,23.0,,,5003,23,,,,,5002.0,10300
0,10400,STARFRUIT,4996,23,,,,,5003,23,,,,,4999.5,10400
0,10500,STARFRUIT,4996,20,,,,,5003,20,,,,,4999.5,10500
0,10600,STARFRUIT,4997,30,,,,,5002,4,5004.0,30.0,,,4999.5,10600
0,10700,STARFRUIT,4997,29,,,,,5004,29,,,,,5000.5,10700
0,10800,STARFRUIT,4997,24,,,,,5004,24,,,,,5000.5,10800
0,10900,STARFRUIT,4998,22,,,,,5005,22,,,,,5001.5,10900
0,11000,STARFRUIT,4997,27,,,,,5004,27,,,,,5000.5,11000
0,11100,STARFRUIT,4998,29,,,,,5005,29,,,,,5001.5,11100
0,11200,STARFRUIT,4998,1,4997.0,20.0,,,5004,21,,,,,5001.0,11200
0,11300,STARFRUIT,4998,22,,,,,5004,2,5005.0,21.0,,,5001.0,11300
0,11400,STARFRUIT,4997,29,,,,,5004,30,,,,,5000.5,11400
0,11500,STARFRUIT,4997,24,,,,,5004,24,,,,,5000.5,11500
0,11600,STARFRUIT,4997,30,,,,,5004,30,,,,,5000.5,11600
0,11700,STARFRUIT,4997,23,,,,,5003,1,5004.0,22.0,,,5000.0,11700
0,11800,STARFRUIT,4998,2,4997.0,29.0,,,5004,31,,,,,5001.0,11800
0,11900,STARFRUIT,4998,23,,,,,5004,1,5005.0,22.0,,,5001.0,11900
0,12000,STARFRUIT,4998,30,,,,,4999,2,5004.0,2.0,5005.0,28.0,4998.5,12000
0,12100,STARFRUIT,4998,7,4997.0,21.0,,,5004,21,,,,,5001.0,12100
0,12200,STARFRUIT,4997,23,,,,,5004,23,,,,,5000.5,12200
0,12300,STARFRUIT,4997,28,,,,,5004,28,,,,,5000.5,12300
0,12400,STARFRUIT,4998,25,,,,,5005,25,,,,,5001.5,12400
0,12500,STARFRUIT,4999,1,4998.0,29.0,,,5005,29,,,,,5002.0,12500
0,12600,STARFRUIT,4998,27,,,,,5004,1,5005.0,26.0,,,5001.0,12600
0,12700,STARFRUIT,4998,1,4997.0,22.0,,,5004,23,,,,,5001.0,12700
0,12800,STARFRUIT,4997,20,,,,,5004,20,,,,,5000.5,12800
0,12900,STARFRUIT,5002,1,4997.0,20.0,,,5004,20,,,,,5003.0,12900
0,13000,STARFRUIT,5001,2,4997.0,1.0,4996.0,30.0,5003,31,,,,,5002.0,13000
0,13100,STARFRUIT,4999,6,4997.0,1.0,4996.0,21.0,5003,22,,,,,5001.0,13100
0,13200,STARFRUIT,4997,23,,,,,5003,1,5004.0,22.0,,,5000.0,13200
0,13300,STARFRUIT,4997,29,,,,,5004,29,,,,,5000.5,13300
0,13400,STARFRUIT,4997,28,,,,,5004,28,,,,,5000.5,13400
0,13500,STARFRUIT,4997,27,,,,,4998,1,5002.0,4.0,5004.0,27.0,4997.5,13500
0,13600,STARFRUIT,5000,3,4997.0,24.0,,,5004,24,,,,,5002.0,13600
0,13700,STARFRUIT,4998,21,,,,,5004,1,5005.0,20.0,,,5001.0,13700
0,13800,STARFRUIT,4998,22,,,,,5005,22,,,,,5001.5,13800
0,13900,STARFRUIT,4998,21,,,,,5005,21,,,,,5001.5,13900
0,14000,STARFRUIT,4997,25,,,,,5004,25,,,,,5000.5,14000
0,14100,STARFRUIT,4997,27,,,,,5004,27,,,,,5000.5,14100
0,14200,STARFRUIT,4998,2,4997.0,23.0,,,5004,25,,,,,5001.0,14200
0,14300,STARFRUIT,4997,25,,,,,4998,1,5004.0,25.0,,,4997.5,14300
0,14400,STARFRUIT,4997,20,,,,,5004,20,,,,,5000.5,14400
0,14500,STARFRUIT,4997,31,,,,,5003,1,5004.0,30.0,,,5000.0,14500
0,14600,STARFRUIT,4997,21,,,,,5004,21,,,,,5000.5,14600
0,14700,STARFRUIT,4997,20,,,,,5002,4,5004.0,20.0,,,4999.5,14700
0,14800,STARFRUIT,4998,3,4997.0,30.0,,,5004,30,,,,,5001.0,14800
0,14900,STARFRUIT,4998,1,4997.0,29.0,,,5004,29,,,,,5001.0,14900
0,15000,STARFRUIT,4998,23,,,,,5004,2,5005.0,21.0,,,5001.0,15000
0,15100,STARFRUIT,4997,29,,,,,5004,29,,,,,5000.5,15100
0,15200,STARFRUIT,4997,28,,,,,5004,28,,,,,5000.5,15200
0,15300,STARFRUIT,4997,26,,,,,5004,26,,,,,5000.5,15300
0,15400,STARFRUIT,4997,22,,,,,5004,22,,,,,5000.5,15400
0,15500,STARFRUIT,4997,25,,,,,5002,1,5003.0,1.0,5004.0,24.0,4999.5,15500
0,15600,STARFRUIT,4996,25,,,,,5003,25,,,,,4999.5,15600
0,15700,STARFRUIT,4997,31,,,,,5003,2,5004.0,29.0,,,5000.0,15700
0,15800,STARFRUIT,4997,21,,,,,5004,21,,,,,5000.5,15800
0,15900,STARFRUIT,4997,26,,,,,5004,26,,,,,5000.5,15900
0,16000,STARFRUIT,4997,22,,,,,5002,8,5004.0,22.0,,,4999.5,16000
0,16100,STARFRUIT,5002,1,4997.0,27.0,,,5003,2,5004.0,25.0,,,5002.5,16100
0,16200,STARFRUIT,4999,4,4997.0,5.0,4996.0,30.0,5003,30,,,,,5001.0,16200
0,16300,STARFRUIT,4996,30,,,,,5003,30,,,,,4999.5,16300
0,16400,STARFRUIT,4996,2,4995.0,27.0,,,4998,6,5002.0,29.0,,,4997.0,16400
0,16500,STARFRUIT,4996,27,,,,,5002,1,5003.0,26.0,,,4999.0,16500
0,16600,STARFRUIT,4996,23,,,,,5003,23,,,,,4999.5,16600
0,16700,STARFRUIT,4995,24,,,,,5002,24,,,,,4998.5,16700
0,16800,STARFRUIT,4996,21,,,,,5003,21,,,,,4999.5,16800
0,16900,STARFRUIT,4996,26,,,,,5003,26,,,,,4999.5,16900
0,17000,STARFRUIT,4996,29,,,,,5003,29,,,,,4999.5,17000
0,17100,STARFRUIT,4996,25,,,,,5003,25,,,,,4999.5,17100
0,17200,STARFRUIT,4996,29,,,,,4997,9,5003.0,30.0,,,4996.5,17200
0,17300,STARFRUIT,4996,25,,,,,5003,25,,,,,4999.5,17300
0,17400,STARFRUIT,4996,26,,,,,5003,26,,,,,4999.5,17400
0,17500,STARFRUIT,4997,3,4996.0,22.0,,,5003,22,,,,,5000.0,17500
0,17600,STARFRUIT,4997,2,4996.0,29.0,,,5003,31,,,,,5000.0,17600
0,17700,STARFRUIT,4996,2,4995.0,26.0,,,5002,28,,,,,4999.0,17700
0,17800,STARFRUIT,4996,30,,,,,5002,1,5003.0,29.0,,,4999.0,17800
0,17900,STARFRUIT,4995,22,,,,,5002,22,,,,,4998.5,17900
0,18000,STARFRUIT,4998,3,4996.0,1.0,4995.0,29.0,5002,30,,,,,5000.0,18000
0,18100,STARFRUIT,4996,26,,,,,5003,27,,,,,4999.5,18100
0,18200,STARFRUIT,4996,9,4995.0,28.0,,,5002,29,,,,,4999.0,18200
0,18300,STARFRUIT,4995,27,,,,,5000,8,5002.0,27.0,,,4997.5,18300
0,18400,STARFRUIT,4995,21,,,,,5002,21,,,,,4998.5,18400
0,18500,STARFRUIT,4995,26,,,,,5000,7,5002.0,26.0,,,4997.5,18500
0,18600,STARFRUIT,4996,30,,,,,5002,1,5003.0,30.0,,,4999.0,18600
0,18700,STARFRUIT,4999,3,4997.0,8.0,4996.0,32.0,5003,32,,,,,5001.0,18700
0,18800,STARFRUIT,4996,26,,,,,5002,2,5003.0,24.0,,,4999.0,18800
0,18900,STARFRUIT,4996,25,,,,,5001,5,5003.0,25.0,,,4998.5,18900
0,19000,STARFRUIT,4995,24,,,,,5002,24,,,,,4998.5,19000
0,19100,STARFRUIT,4996,1,4995.0,23.0,,,5000,8,5002.0,24.0,,,4998.0,19100
0,19200,STARFRUIT,4996,23,,,,,5003,24,,,,,4999.5,19200
0,19300,STARFRUIT,4996,31,,,,,5002,2,5003.0,29.0,,,4999.0,19300
0,19400,STARFRUIT,4995,22,,,,,5002,23,,,,,4998.5,19400
0,19500,STARFRUIT,4996,2,4995.0,29.0,,,5002,31,,,,,4999.0,19500
0,19600,STARFRUIT,4997,1,4996.0,21.0,,,5003,22,,,,,5000.0,19600
0,19700,STARFRUIT,4997,1,4996.0,25.0,,,5003,26,,,,,5000.0,19700
0,19800,STARFRUIT,4996,23,,,,,5003,23,,,,,4999.5,19800
0,19900,STARFRUIT,4997,2,4996.0,24.0,,,5003,26,,,,,5000.0,19900
0,20000,STARFRUIT,4996,28,,,,,5003,28,,,,,4999.5,20000
0,20100,STARFRUIT,4996,30,,,,,5001,7,5003.0,30.0,,,4998.5,20100
0,20200,STARFRUIT,4997,1,4996.0,28.0,,,5002,1,5003.0,27.0,,,4999.5,20200
0,20300,STARFRUIT,5002,1,4997.0,1.0,4996.0,25.0,5003,25,,,,,5002.5,20300
0,20400,STARFRUIT,4996,25,,,,,5003,25,,,,,4999.5,20400
0,20500,STARFRUIT,4996,25,,,,,5001,7,5003.0,25.0,,,4998.5,20500
0,20600,STARFRUIT,4996,21,,,,,5003,21,,,,,4999.5,20600
0,20700,STARFRUIT,4996,23,,,,,5002,1,5003.0,22.0,,,4999.0,20700
0,20800,STARFRUIT,4996,5,4995.0,23.0,,,5002,23,,,,,4999.0,20800
0,20900,STARFRUIT,4995,30,,,,,5002,30,,,,,4998.5,20900
0,21000,STARFRUIT,4996,1,4995.0,28.0,,,5002,29,,,,,4999.0,21000
0,21100,STARFRUIT,4996,1,4995.0,22.0,,,5002,23,,,,,4999.0,21100
0,21200,STARFRUIT,4996,1,4995.0,27.0,,,5002,28,,,,,4999.0,21200
0,21300,STARFRUIT,4996,2,4995.0,27.0,,,5002,29,,,,,4999.0,21300
0,21400,STARFRUIT,4996,23,,,,,5001,6,5002.0,2.0,5003.0,21.0,4998.5,21400
0,21500,STARFRUIT,4996,26,,,,,5002,1,5003.0,25.0,,,4999.0,21500
0,21600,STARFRUIT,4996,23,,,,,5001,8,5003.0,23.0,,,4998.5,21600
0,21700,STARFRUIT,4995,22,,,,,5002,22,,,,,4998.5,21700
0,21800,STARFRUIT,4996,27,,,,,5001,5,5003.0,27.0,,,4998.5,21800
0,21900,STARFRUIT,4996,21,,,,,5003,21,,,,,4999.5,21900
0,22000,STARFRUIT,4996,24,,,,,5003,24,,,,,4999.5,22000
0,22100,STARFRUIT,4998,2,4997.0,26.0,,,5004,26,,,,,5001.0,22100
0,22200,STARFRUIT,4997,27,,,,,5004,27,,,,,5000.5,22200
0,22300,STARFRUIT,4997,26,,,,,5004,27,,,,,5000.5,22300
0,22400,STARFRUIT,5002,1,4996.0,29.0,,,5003,29,,,,,5002.5,22400
0,22500,STARFRUIT,4997,5,4996.0,29.0,,,5003,30,,,,,5000.0,22500
0,22600,STARFRUIT,4997,22,,,,,4998,2,5002.0,7.0,5004.0,22.0,4997.5,22600
0,22700,STARFRUIT,4997,8,4996.0,27.0,,,5003,27,,,,,5000.0,22700
0,22800,STARFRUIT,4996,22,,,,,5002,2,5003.0,20.0,,,4999.0,22800
0,22900,STARFRUIT,4996,22,,,,,4998,2,5003.0,22.0,,,4997.0,22900
0,23000,STARFRUIT,4996,26,,,,,5003,26,,,,,4999.5,23000
0,23100,STARFRUIT,4996,22,,,,,5001,2,5002.0,1.0,5003.0,21.0,4998.5,23100
0,23200,STARFRUIT,4997,29,,,,,5004,29,,,,,5000.5,23200
0,23300,STARFRUIT,5001,4,4999.0,5.0,4998.0,22.0,5004,2,5005.0,20.0,,,5002.5,23300
0,23400,STARFRUIT,4998,21,,,,,5005,21,,,,,5001.5,23400
0,23500,STARFRUIT,4998,22,,,,,5005,22,,,,,5001.5,23500
0,23600,STARFRUIT,4999,4,4998.0,23.0,,,5005,23,,,,,5002.0,23600
0,23700,STARFRUIT,4997,27,,,,,5002,1,5004.0,27.0,,,4999.5,23700
0,23800,STARFRUIT,4998,2,4997.0,27.0,,,5004,29,,,,,5001.0,23800
0,23900,STARFRUIT,4997,23,,,,,5004,23,,,,,5000.5,23900
0,24000,STARFRUIT,5001,2,4997.0,2.0,4996.0,24.0,5003,26,,,,,5002.0,24000
0,24100,STARFRUIT,4996,31,,,,,5003,31,,,,,4999.5,24100
0,24200,STARFRUIT,4996,32,,,,,5001,5,5003.0,32.0,,,4998.5,24200
0,24300,STARFRUIT,4996,29,,,,,5003,29,,,,,4999.5,24300
0,24400,STARFRUIT,4997,4,4996.0,29.0,,,5003,29,,,,,5000.0,24400
0,24500,STARFRUIT,5002,1,4997.0,2.0,4996.0,20.0,5003,22,,,,,5002.5,24500
0,24600,STARFRUIT,4996,30,,,,,5003,30,,,,,4999.5,24600
0,24700,STARFRUIT,4996,27,,,,,5001,8,5003.0,27.0,,,4998.5,24700
0,24800,STARFRUIT,4995,23,,,,,5002,23,,,,,4998.5,24800
0,24900,STARFRUIT,4995,28,,,,,5002,28,,,,,4998.5,24900
0,25000,STARFRUIT,4995,24,,,,,5002,24,,,,,4998.5,25000
0,25100,STARFRUIT,5001,1,4995.0,24.0,,,5002,24,,,,,5001.5,25100
0,25200,STARFRUIT,4996,1,4995.0,25.0,,,5002,26,,,,,4999.0,25200
0,25300,STARFRUIT,4995,23,,,,,5000,2,5002.0,23.0,,,4997.5,25300
0,25400,STARFRUIT,4995,22,,,,,5002,22,,,,,4998.5,25400
0,25500,STARFRUIT,4995,2,4994.0,29.0,,,5001,31,,,,,4998.0,25500
0,25600,STARFRUIT,4994,31,,,,,4999,5,5001.0,31.0,,,4996.5,25600
0,25700,STARFRUIT,4995,30,,,,,5001,2,5002.0,28.0,,,4998.0,25700
0,25800,STARFRUIT,4998,3,4995.0,24.0,,,5002,24,,,,,5000.0,25800
0,25900,STARFRUIT,4995,25,,,,,5000,1,5001.0,1.0,5002.0,24.0,4997.5,25900
0,26000,STARFRUIT,4995,2,4994.0,24.0,,,5001,26,,,,,4998.0,26000
0,26100,STARFRUIT,4995,2,4994.0,21.0,,,5001,23,,,,,4998.0,26100
0,26200,STARFRUIT,4999,1,4994.0,30.0,,,5001,30,,,,,5000.0,26200
0,26300,STARFRUIT,4994,27,,,,,4999,1,5001.0,28.0,,,4996.5,26300
0,26400,STARFRUIT,4993,24,,,,,4994,1,5000.0,24.0,,,4993.5,26400
0,26500,STARFRUIT,4993,26,,,,,5000,26,,,,,4996.5,26500
0,26600,STARFRUIT,4993,23,,,,,5000,23,,,,,4996.5,26600
0,26700,STARFRUIT,4996,2,4993.0,23.0,,,4998,3,4999.0,1.0,5000.0,22.0,4997.0,26700
0,26800,STARFRUIT,4998,1,4992.0,22.0,,,4999,22,,,,,4998.5,26800
0,26900,STARFRUIT,4991,26,,,,,4998,26,,,,,4994.5,26900
0,27000,STARFRUIT,4991,21,,,,,4993,4,4998.0,21.0,,,4992.0,27000
0,27100,STARFRUIT,4991,30,,,,,4998,30,,,,,4994.5,27100
0,27200,STARFRUIT,4991,27,,,,,4996,4,4998.0,28.0,,,4993.5,27200
0,27300,STARFRUIT,4991,30,,,,,4998,30,,,,,4994.5,27300
0,27400,STARFRUIT,4991,23,,,,,4994,6,4998.0,23.0,,,4992.5,27400
0,27500,STARFRUIT,4992,28,,,,,4998,2,4999.0,26.0,,,4995.0,27500
0,27600,STARFRUIT,4992,30,,,,,4997,1,4998.0,1.0,4999.0,29.0,4994.5,27600
0,27700,STARFRUIT,4995,3,4992.0,27.0,,,4999,27,,,,,4997.0,27700
0,27800,STARFRUIT,4992,24,,,,,4998,1,4999.0,23.0,,,4995.0,27800
0,27900,STARFRUIT,4992,23,,,,,4999,23,,,,,4995.5,27900
0,28000,STARFRUIT,4992,29,,,,,4999,29,,,,,4995.5,28000
0,28100,STARFRUIT,4992,24,,,,,4995,5,4999.0,24.0,,,4993.5,28100
0,28200,STARFRUIT,4993,1,4992.0,25.0,,,4999,25,,,,,4996.0,28200
0,28300,STARFRUIT,4992,27,,,,,4997,7,4999.0,27.0,,,4994.5,28300
0,28400,STARFRUIT,4992,2,4991.0,23.0,,,4998,25,,,,,4995.0,28400
0,28500,STARFRUIT,4991,27,,,,,4998,27,,,,,4994.5,28500
0,28600,STARFRUIT,4991,26,,,,,4998,26,,,,,4994.5,28600
0,28700,STARFRUIT,4991,2,4990.0,32.0,,,4997,32,,,,,4994.0,28700
0,28800,STARFRUIT,4995,1,4990.0,29.0,,,4996,2,4997.0,27.0,,,4995.5,28800
0,28900,STARFRUIT,4989,22,,,,,4996,22,,,,,4992.5,28900
0,29000,STARFRUIT,4990,2,4989.0,24.0,,,4996,26,,,,,4993.0,29000
0,29100,STARFRUIT,4991,8,4990.0,22.0,,,4996,1,4997.0,21.0,,,4993.5,29100
0,29200,STARFRUIT,4995,2,4991.0,30.0,,,4998,30,,,,,4996.5,29200
0,29300,STARFRUIT,4992,3,4991.0,23.0,,,4997,23,,,,,4994.5,29300
0,29400,STARFRUIT,4991,25,,,,,4998,25,,,,,4994.5,29400
0,29500,STARFRUIT,4991,31,,,,,4998,31,,,,,4994.5,29500
0,29600,STARFRUIT,4991,24,,,,,4998,24,,,,,4994.5,29600
0,29700,STARFRUIT,4991,30,,,,,4997,1,4998.0,29.0,,,4994.0,29700
0,29800,STARFRUIT,4990,22,,,,,4997,22,,,,,4993.5,29800
0,29900,STARFRUIT,4990,29,,,,,4995,1,4996.0,2.0,4997.0,27.0,4992.5,29900
0,30000,STARFRUIT,4990,28,,,,,4997,28,,,,,4993.5,30000
0,30100,STARFRUIT,4993,6,4992.0,7.0,4991.0,21.0,4997,21,,,,,4995.0,30100
0,30200,STARFRUIT,4991,28,,,,,4997,1,4998.0,27.0,,,4994.0,30200
0,30300,STARFRUIT,4996,1,4992.0,2.0,4991.0,30.0,4998,30,,,,,4997.0,30300
0,30400,STARFRUIT,4991,29,,,,,4997,1,4998.0,29.0,,,4994.0,30400
0,30500,STARFRUIT,4991,20,,,,,4998,20,,,,,4994.5,30500
0,30600,STARFRUIT,4992,30,,,,,4998,1,4999.0,29.0,,,4995.0,30600
0,30700,STARFRUIT,4992,25,,,,,4998,1,4999.0,24.0,,,4995.0,30700
0,30800,STARFRUIT,4992,30,,,,,4998,1,4999.0,29.0,,,4995.0,30800
0,30900,STARFRUIT,4991,29,,,,,4992,1,4998.0,29.0,,,4991.5,30900
0,31000,STARFRUIT,4992,30,,,,,4997,2,4998.0,2.0,4999.0,28.0,4994.5,31000
0,31100,STARFRUIT,4992,25,,,,,4997,4,4999.0,25.0,,,4994.5,31100
0,31200,STARFRUIT,4992,25,,,,,4993,5,4997.0,1.0,4999.0,26.0,4992.5,31200
0,31300,STARFRUIT,4997,1,4992.0,23.0,,,4999,23,,,,,4998.0,31300
0,31400,STARFRUIT,4992,26,,,,,4999,26,,,,,4995.5,31400
0,31500,STARFRUIT,4992,32,,,,,4999,32,,,,,4995.5,31500
0,31600,STARFRUIT,4992,24,,,,,4998,24,,,,,4995.0,31600
0,31700,STARFRUIT,4996,1,4992.0,8.0,4991.0,26.0,4998,26,,,,,4997.0,31700
0,31800,STARFRUIT,4991,2,4990.0,23.0,,,4997,25,,,,,4994.0,31800
0,31900,STARFRUIT,4991,1,4990.0,29.0,,,4997,30,,,,,4994.0,31900
0,32000,STARFRUIT,4991,22,,,,,4992,1,4996.0,8.0,4998.0,22.0,4991.5,32000
0,32100,STARFRUIT,4991,22,,,,,4996,4,4997.0,1.0,4998.0,22.0,4993.5,32100
0,32200,STARFRUIT,4991,31,,,,,4997,1,4998.0,30.0,,,4994.0,32200
0,32300,STARFRUIT,4996,1,4995.0,3.0,4991.0,22.0,4998,22,,,,,4997.0,32300
0,32400,STARFRUIT,4991,30,,,,,4998,30,,,,,4994.5,32400
0,32500,STARFRUIT,4991,22,,,,,4996,1,4997.0,2.0,4998.0,20.0,4993.5,32500
0,32600,STARFRUIT,4990,23,,,,,4997,23,,,,,4993.5,32600
0,32700,STARFRUIT,4996,1,4991.0,31.0,,,4997,2,4998.0,29.0,,,4996.5,32700
0,32800,STARFRUIT,4991,2,4990.0,24.0,,,4993,5,4997.0,26.0,,,4992.0,32800
0,32900,STARFRUIT,4991,2,4990.0,30.0,,,4997,32,,,,,4994.0,32900
0,33000,STARFRUIT,4992,4,4991.0,26.0,,,4998,26,,,,,4995.0,33000
0,33100,STARFRUIT,4992,8,4991.0,27.0,,,4998,27,,,,,4995.0,33100
0,33200,STARFRUIT,4991,4,4990.0,21.0,,,4997,21,,,,,4994.0,33200
0,33300,STARFRUIT,4990,26,,,,,4991,8,4996.0,2.0,4997.0,24.0,4990.5,33300
0,33400,STARFRUIT,4990,30,,,,,4997,30,,,,,4993.5,33400
0,33500,STARFRUIT,4990,28,,,,,4997,28,,,,,4993.5,33500
0,33600,STARFRUIT,4990,26,,,,,4997,26,,,,,4993.5,33600
0,33700,STARFRUIT,4990,25,,,,,4996,1,4997.0,24.0,,,4993.0,33700
0,33800,STARFRUIT,4991,5,4990.0,20.0,,,4997,20,,,,,4994.0,33800
0,33900,STARFRUIT,4995,1,4990.0,21.0,,,4997,21,,,,,4996.0,33900
0,34000,STARFRUIT,4995,1,4990.0,26.0,,,4997,26,,,,,4996.0,34000
0,34100,STARFRUIT,4991,23,,,,,4998,23,,,,,4994.5,34100
0,34200,STARFRUIT,4991,23,,,,,4997,2,4998.0,21.0,,,4994.0,34200
0,34300,STARFRUIT,4990,29,,,,,4997,29,,,,,4993.5,34300
0,34400,STARFRUIT,4990,31,,,,,4996,31,,,,,4993.0,34400
0,34500,STARFRUIT,4991,3,4990.0,25.0,,,4997,25,,,,,4994.0,34500
0,34600,STARFRUIT,4990,28,,,,,4997,28,,,,,4993.5,34600
0,34700,STARFRUIT,4991,5,4990.0,29.0,,,4997,31,,,,,4994.0,34700
0,34800,STARFRUIT,4991,23,,,,,4996,4,4998.0,23.0,,,4993.5,34800
0,34900,STARFRUIT,4991,27,,,,,4992,1,4998.0,27.0,,,4991.5,34900
0,35000,STARFRUIT,4992,21,,,,,4993,4,4999.0,21.0,,,4992.5,35000
0,35100,STARFRUIT,4992,24,,,,,4998,2,4999.0,22.0,,,4995.0,35100
0,35200,STARFRUIT,4992,26,,,,,4997,5,4999.0,26.0,,,4994.5,35200
0,35300,STARFRUIT,4993,6,4992.0,21.0,,,4999,21,,,,,4996.0,35300
0,35400,STARFRUIT,4993,3,4992.0,22.0,,,4999,22,,,,,4996.0,35400
0,35500,STARFRUIT,4992,23,,,,,4999,23,,,,,4995.5,35500
0,35600,STARFRUIT,4993,27,,,,,5000,27,,,,,4996.5,35600
0,35700,STARFRUIT,4993,25,,,,,4994,1,5000.0,25.0,,,4993.5,35700
0,35800,STARFRUIT,4994,6,4993.0,27.0,,,5000,27,,,,,4997.0,35800
0,35900,STARFRUIT,4993,23,,,,,5000,23,,,,,4996.5,35900
0,36000,STARFRUIT,4993,28,,,,,5000,28,,,,,4996.5,36000
0,36100,STARFRUIT,4997,4,4993.0,29.0,,,5000,29,,,,,4998.5,36100
0,36200,STARFRUIT,4993,2,4992.0,28.0,,,4994,3,4999.0,30.0,,,4993.5,36200
0,36300,STARFRUIT,4992,25,,,,,4999,25,,,,,4995.5,36300
0,36400,STARFRUIT,4992,31,,,,,4999,31,,,,,4995.5,36400
0,36500,STARFRUIT,4992,24,,,,,4997,4,4999.0,24.0,,,4994.5,36500
0,36600,STARFRUIT,4993,29,,,,,5000,29,,,,,4996.5,36600
0,36700,STARFRUIT,4993,2,4992.0,30.0,,,4999,32,,,,,4996.0,36700
0,36800,STARFRUIT,4996,2,4993.0,24.0,,,4999,2,5000.0,22.0,,,4997.5,36800
0,36900,STARFRUIT,4992,23,,,,,4999,23,,,,,4995.5,36900
0,37000,STARFRUIT,4991,28,,,,,4998,28,,,,,4994.5,37000
0,37100,STARFRUIT,4991,20,,,,,4998,20,,,,,4994.5,37100
0,37200,STARFRUIT,4992,7,4991.0,29.0,,,4998,29,,,,,4995.0,37200
0,37300,STARFRUIT,4991,23,,,,,4992,1,4998.0,23.0,,,4991.5,37300
0,37400,STARFRUIT,4990,30,,,,,4997,30,,,,,4993.5,37400
0,37500,STARFRUIT,4991,1,4990.0,22.0,,,4997,23,,,,,4994.0,37500
0,37600,STARFRUIT,4991,23,,,,,4997,23,,,,,4994.0,37600
0,37700,STARFRUIT,4991,21,,,,,4998,21,,,,,4994.5,37700
0,37800,STARFRUIT,4991,22,,,,,4998,22,,,,,4994.5,37800
0,37900,STARFRUIT,4992,5,4991.0,24.0,,,4998,24,,,,,4995.0,37900
0,38000,STARFRUIT,4991,25,,,,,4998,25,,,,,4994.5,38000
0,38100,STARFRUIT,4991,27,,,,,4997,1,4998.0,26.0,,,4994.0,38100
0,38200,STARFRUIT,4991,22,,,,,4997,2,4998.0,20.0,,,4994.0,38200
0,38300,STARFRUIT,4991,22,,,,,4998,22,,,,,4994.5,38300
0,38400,STARFRUIT,4991,2,4990.0,24.0,,,4997,26,,,,,4994.0,38400
0,38500,STARFRUIT,4990,21,,,,,4997,21,,,,,4993.5,38500
0,38600,STARFRUIT,4991,2,4990.0,27.0,,,4997,29,,,,,4994.0,38600
0,38700,STARFRUIT,4994,4,4991.0,32.0,,,4996,8,4998.0,32.0,,,4995.0,38700
0,38800,STARFRUIT,4994,1,4991.0,24.0,,,4998,24,,,,,4996.0,38800
0,38900,STARFRUIT,4991,21,,,,,4992,1,4998.0,21.0,,,4991.5,38900
0,39000,STARFRUIT,4991,30,,,,,4998,30,,,,,4994.5,39000
0,39100,STARFRUIT,4992,25,,,,,4999,25,,,,,4995.5,39100
0,39200,STARFRUIT,4992,22,,,,,4999,22,,,,,4995.5,39200
0,39300,STARFRUIT,4993,1,4992.0,28.0,,,4997,2,4999.0,29.0,,,4995.0,39300
0,39400,STARFRUIT,4994,4,4993.0,26.0,,,4999,2,5000.0,24.0,,,4996.5,39400
0,39500,STARFRUIT,4998,1,4992.0,31.0,,,4999,31,,,,,4998.5,39500
0,39600,STARFRUIT,4992,28,,,,,4999,28,,,,,4995.5,39600
0,39700,STARFRUIT,4992,23,,,,,4998,2,4999.0,21.0,,,4995.0,39700
0,39800,STARFRUIT,4991,24,,,,,4993,4,4998.0,24.0,,,4992.0,39800
0,39900,STARFRUIT,4992,23,,,,,4999,23,,,,,4995.5,39900
0,40000,STARFRUIT,4992,27,,,,,4999,27,,,,,4995.5,40000
0,40100,STARFRUIT,4992,1,4991.0,26.0,,,4998,27,,,,,4995.0,40100
0,40200,STARFRUIT,4997,5,4992.0,29.0,,,4999,29,,,,,4998.0,40200
0,40300,STARFRUIT,4992,28,,,,,4994,2,4999.0,28.0,,,4993.0,40300
0,40400,STARFRUIT,4993,7,4992.0,30.0,,,4999,30,,,,,4996.0,40400
0,40500,STARFRUIT,4992,30,,,,,4999,30,,,,,4995.5,40500
0,40600,STARFRUIT,4993,2,4992.0,29.0,,,4999,29,,,,,4996.0,40600
0,40700,STARFRUIT,4996,3,4993.0,5.0,4992.0,24.0,4999,24,,,,,4997.5,40700
0,40800,STARFRUIT,4991,24,,,,,4998,24,,,,,4994.5,40800
0,40900,STARFRUIT,4991,23,,,,,4992,3,4998.0,23.0,,,4991.5,40900
0,41000,STARFRUIT,4996,2,4992.0,4.0,4991.0,24.0,4998,24,,,,,4997.0,41000
0,41100,STARFRUIT,4995,9,4990.0,26.0,,,4997,26,,,,,4996.0,41100
0,41200,STARFRUIT,4993,2,4990.0,25.0,,,4997,25,,,,,4995.0,41200
0,41300,STARFRUIT,4991,2,4990.0,28.0,,,4997,30,,,,,4994.0,41300
0,41400,STARFRUIT,4991,1,4990.0,30.0,,,4995,6,4997.0,31.0,,,4993.0,41400
0,41500,STARFRUIT,4991,2,4990.0,21.0,,,4993,6,4995.0,8.0,4997.0,23.0,4992.0,41500
0,41600,STARFRUIT,4990,23,,,,,4997,23,,,,,4993.5,41600
0,41700,STARFRUIT,4990,29,,,,,4997,29,,,,,4993.5,41700
0,41800,STARFRUIT,4990,31,,,,,4995,1,4996.0,2.0,4997.0,29.0,4992.5,41800
0,41900,STARFRUIT,4990,30,,,,,4993,3,4997.0,30.0,,,4991.5,41900
0,42000,STARFRUIT,4990,20,,,,,4997,20,,,,,4993.5,42000
0,42100,STARFRUIT,4991,6,4990.0,21.0,,,4997,21,,,,,4994.0,42100
0,42200,STARFRUIT,4990,22,,,,,4997,22,,,,,4993.5,42200
0,42300,STARFRUIT,4990,24,,,,,4995,4,4997.0,24.0,,,4992.5,42300
0,42400,STARFRUIT,4990,2,4989.0,25.0,,,4996,27,,,,,4993.0,42400
0,42500,STARFRUIT,4989,24,,,,,4996,24,,,,,4992.5,42500
0,42600,STARFRUIT,4989,24,,,,,4996,24,,,,,4992.5,42600
0,42700,STARFRUIT,4993,5,4990.0,5.0,4989.0,24.0,4995,1,4996.0,23.0,,,4994.0,42700
0,42800,STARFRUIT,4989,27,,,,,4995,2,4996.0,25.0,,,4992.0,42800
0,42900,STARFRUIT,4989,2,4988.0,26.0,,,4993,7,4995.0,28.0,,,4991.0,42900
0,43000,STARFRUIT,4990,21,,,,,4996,21,,,,,4993.0,43000
0,43100,STARFRUIT,4989,21,,,,,4994,3,4996.0,21.0,,,4991.5,43100
0,43200,STARFRUIT,4990,4,4989.0,28.0,,,4996,29,,,,,4993.0,43200
0,43300,STARFRUIT,4989,25,,,,,4996,25,,,,,4992.5,43300
0,43400,STARFRUIT,4989,28,,,,,4996,28,,,,,4992.5,43400
0,43500,STARFRUIT,4990,23,,,,,4996,2,4997.0,22.0,,,4993.0,43500
0,43600,STARFRUIT,4990,2,4989.0,20.0,,,4996,22,,,,,4993.0,43600
0,43700,STARFRUIT,4995,1,4990.0,30.0,,,4997,30,,,,,4996.0,43700
0,43800,STARFRUIT,4991,3,4990.0,27.0,,,4997,29,,,,,4994.0,43800
0,43900,STARFRUIT,4990,23,,,,,4997,24,,,,,4993.5,43900
0,44000,STARFRUIT,4991,1,4990.0,29.0,,,4995,3,4997.0,30.0,,,4993.0,44000
0,44100,STARFRUIT,4991,6,4990.0,30.0,,,4997,30,,,,,4994.0,44100
0,44200,STARFRUIT,4991,27,,,,,4998,27,,,,,4994.5,44200
0,44300,STARFRUIT,4991,28,,,,,4996,1,4998.0,28.0,,,4993.5,44300
0,44400,STARFRUIT,4991,23,,,,,4996,6,4997.0,2.0,4998.0,21.0,4993.5,44400
0,44500,STARFRUIT,4990,29,,,,,4995,1,4997.0,29.0,,,4992.5,44500
0,44600,STARFRUIT,4989,26,,,,,4996,26,,,,,4992.5,44600
0,44700,STARFRUIT,4995,1,4989.0,28.0,,,4996,28,,,,,4995.5,44700
0,44800,STARFRUIT,4994,9,4989.0,24.0,,,4996,24,,,,,4995.0,44800
0,44900,STARFRUIT,4989,1,4988.0,30.0,,,4995,30,,,,,4992.0,44900
0,45000,STARFRUIT,4988,25,,,,,4989,1,4995.0,25.0,,,4988.5,45000
0,45100,STARFRUIT,4988,26,,,,,4995,26,,,,,4991.5,45100
0,45200,STARFRUIT,4988,24,,,,,4995,24,,,,,4991.5,45200
0,45300,STARFRUIT,4988,30,,,,,4995,30,,,,,4991.5,45300
0,45400,STARFRUIT,4989,5,4988.0,25.0,,,4994,1,4995.0,24.0,,,4991.5,45400
0,45500,STARFRUIT,4993,1,4987.0,29.0,,,4994,29,,,,,4993.5,45500
0,45600,STARFRUIT,4987,27,,,,,4994,27,,,,,4990.5,45600
0,45700,STARFRUIT,4986,22,,,,,4993,22,,,,,4989.5,45700
0,45800,STARFRUIT,4987,5,4986.0,21.0,,,4992,1,4993.0,20.0,,,4989.5,45800
0,45900,STARFRUIT,4986,28,,,,,4991,3,4993.0,28.0,,,4988.5,45900
0,46000,STARFRUIT,4986,26,,,,,4991,1,4993.0,26.0,,,4988.5,46000
0,46100,STARFRUIT,4986,24,,,,,4992,1,4993.0,23.0,,,4989.0,46100
0,46200,STARFRUIT,4989,3,4986.0,20.0,,,4991,4,4993.0,20.0,,,4990.0,46200
0,46300,STARFRUIT,4987,3,4986.0,23.0,,,4993,23,,,,,4990.0,46300
0,46400,STARFRUIT,4986,26,,,,,4993,26,,,,,4989.5,46400
0,46500,STARFRUIT,4986,26,,,,,4993,26,,,,,4989.5,46500
0,46600,STARFRUIT,4986,22,,,,,4993,22,,,,,4989.5,46600
0,46700,STARFRUIT,4987,2,4986.0,27.0,,,4993,27,,,,,4990.0,46700
0,46800,STARFRUIT,4986,30,,,,,4989,5,4993.0,31.0,,,4987.5,46800
0,46900,STARFRUIT,4987,3,4986.0,31.0,,,4993,31,,,,,4990.0,46900
0,47000,STARFRUIT,4987,8,4986.0,29.0,,,4993,29,,,,,4990.0,47000
0,47100,STARFRUIT,4986,28,,,,,4993,28,,,,,4989.5,47100
0,47200,STARFRUIT,4992,1,4989.0,5.0,4987.0,1.0,4993,26,,,,,4992.5,47200
0,47300,STARFRUIT,4988,2,4987.0,29.0,,,4994,31,,,,,4991.0,47300
0,47400,STARFRUIT,4987,29,,,,,4988,1,4994.0,29.0,,,4987.5,47400
0,47500,STARFRUIT,4993,1,4988.0,27.0,,,4994,1,4995.0,26.0,,,4993.5,47500
0,47600,STARFRUIT,4992,8,4988.0,1.0,4987.0,26.0,4994,27,,,,,4993.0,47600
0,47700,STARFRUIT,4988,1,4987.0,22.0,,,4992,2,4994.0,24.0,,,4990.0,47700
0,47800,STARFRUIT,4988,25,,,,,4995,25,,,,,4991.5,47800
0,47900,STARFRUIT,4988,2,4987.0,24.0,,,4994,26,,,,,4991.0,47900
0,48000,STARFRUIT,4987,28,,,,,4994,28,,,,,4990.5,48000
0,48100,STARFRUIT,4992,10,4988.0,24.0,,,4994,24,,,,,4993.0,48100
0,48200,STARFRUIT,4988,25,,,,,4993,6,4994.0,1.0,4995.0,24.0,4990.5,48200
0,48300,STARFRUIT,4988,26,,,,,4995,26,,,,,4991.5,48300
0,48400,STARFRUIT,4988,30,,,,,4995,30,,,,,4991.5,48400
0,48500,STARFRUIT,4989,25,,,,,4996,25,,,,,4992.5,48500
0,48600,STARFRUIT,4989,23,,,,,4994,2,4995.0,2.0,4996.0,22.0,4991.5,48600
0,48700,STARFRUIT,4988,21,,,,,4989,1,4993.0,2.0,4995.0,21.0,4988.5,48700
0,48800,STARFRUIT,4988,25,,,,,4995,25,,,,,4991.5,48800
0,48900,STARFRUIT,4988,27,,,,,4994,1,4995.0,27.0,,,4991.0,48900
0,49000,STARFRUIT,4988,21,,,,,4994,1,4995.0,20.0,,,4991.0,49000
0,49100,STARFRUIT,4989,2,4988.0,28.0,,,4995,28,,,,,4992.0,49100
0,49200,STARFRUIT,4988,29,,,,,4995,29,,,,,4991.5,49200
0,49300,STARFRUIT,4988,4,4987.0,22.0,,,4994,22,,,,,4991.0,49300
0,49400,STARFRUIT,4987,21,,,,,4988,1,4994.0,21.0,,,4987.5,49400
0,49500,STARFRUIT,4993,1,4987.0,30.0,,,4994,30,,,,,4993.5,49500
0,49600,STARFRUIT,4987,30,,,,,4992,5,4994.0,30.0,,,4989.5,49600
0,49700,STARFRUIT,4988,6,4987.0,27.0,,,4994,27,,,,,4991.0,49700
0,49800,STARFRUIT,4987,26,,,,,4994,26,,,,,4990.5,49800
0,49900,STARFRUIT,4986,21,,,,,4991,1,4993.0,22.0,,,4988.5,49900
0,50000,STARFRUIT,4986,6,4985.0,27.0,,,4992,28,,,,,4989.0,50000
0,50100,STARFRUIT,4986,30,,,,,4993,30,,,,,4989.5,50100
0,50200,STARFRUIT,4986,2,4985.0,29.0,,,4992,31,,,,,4989.0,50200
0,50300,STARFRUIT,4988,1,4985.0,21.0,,,4992,21,,,,,4990.0,50300
0,50400,STARFRUIT,4986,5,4985.0,23.0,,,4992,23,,,,,4989.0,50400
0,50500,STARFRUIT,4986,2,4985.0,26.0,,,4992,28,,,,,4989.0,50500
0,50600,STARFRUIT,4985,22,,,,,4992,22,,,,,4988.5,50600
0,50700,STARFRUIT,4986,1,4985.0,26.0,,,4992,27,,,,,4989.0,50700
0,50800,STARFRUIT,4986,30,,,,,4993,30,,,,,4989.5,50800
0,50900,STARFRUIT,4986,26,,,,,4987,3,4992.0,2.0,4993.0,24.0,4986.5,50900
0,51000,STARFRUIT,4987,7,4986.0,27.0,,,4993,27,,,,,4990.0,51000
0,51100,STARFRUIT,4986,31,,,,,4991,6,4992.0,1.0,4993.0,30.0,4988.5,51100
0,51200,STARFRUIT,4986,2,4985.0,27.0,,,4992,29,,,,,4989.0,51200
0,51300,STARFRUIT,4990,1,4985.0,26.0,,,4992,26,,,,,4991.0,51300
0,51400,STARFRUIT,4986,2,4985.0,20.0,,,4990,8,4992.0,22.0,,,4988.0,51400
0,51500,STARFRUIT,4985,31,,,,,4992,31,,,,,4988.5,51500
0,51600,STARFRUIT,4985,32,,,,,4990,3,4992.0,32.0,,,4987.5,51600
0,51700,STARFRUIT,4985,2,4984.0,20.0,,,4991,21,,,,,4988.0,51700
0,51800,STARFRUIT,4985,22,,,,,4990,8,4992.0,22.0,,,4987.5,51800
0,51900,STARFRUIT,4986,1,4985.0,23.0,,,4992,24,,,,,4989.0,51900
0,52000,STARFRUIT,4986,1,4985.0,22.0,,,4992,23,,,,,4989.0,52000
0,52100,STARFRUIT,4990,2,4985.0,24.0,,,4992,24,,,,,4991.0,52100
0,52200,STARFRUIT,4985,25,,,,,4991,2,4992.0,24.0,,,4988.0,52200
0,52300,STARFRUIT,4988,3,4985.0,29.0,,,4991,1,4992.0,28.0,,,4989.5,52300
0,52400,STARFRUIT,4986,3,4985.0,21.0,,,4991,1,4992.0,20.0,,,4988.5,52400
0,52500,STARFRUIT,4984,31,,,,,4991,31,,,,,4987.5,52500
0,52600,STARFRUIT,4985,25,,,,,4990,7,4991.0,1.0,4992.0,24.0,4987.5,52600
0,52700,STARFRUIT,4985,21,,,,,4992,21,,,,,4988.5,52700
0,52800,STARFRUIT,4985,22,,,,,4992,22,,,,,4988.5,52800
0,52900,STARFRUIT,4984,25,,,,,4989,3,4991.0,25.0,,,4986.5,52900
0,53000,STARFRUIT,4984,22,,,,,4991,22,,,,,4987.5,53000
0,53100,STARFRUIT,4984,23,,,,,4991,23,,,,,4987.5,53100
0,53200,STARFRUIT,4984,28,,,,,4991,28,,,,,4987.5,53200
0,53300,STARFRUIT,4984,25,,,,,4989,6,4990.0,2.0,4991.0,23.0,4986.5,53300
0,53400,STARFRUIT,4984,28,,,,,4989,6,4991.0,28.0,,,4986.5,53400
0,53500,STARFRUIT,4990,1,4985.0,8.0,4984.0,21.0,4991,21,,,,,4990.5,53500
0,53600,STARFRUIT,4985,27,,,,,4991,2,4992.0,25.0,,,4988.0,53600
0,53700,STARFRUIT,4985,23,,,,,4992,23,,,,,4988.5,53700
0,53800,STARFRUIT,4985,25,,,,,4988,6,4990.0,3.0,4992.0,25.0,4986.5,53800
0,53900,STARFRUIT,4986,1,4985.0,30.0,,,4992,31,,,,,4989.0,53900
0,54000,STARFRUIT,4986,31,,,,,4991,3,4992.0,1.0,4993.0,30.0,4988.5,54000
0,54100,STARFRUIT,4986,27,,,,,4993,27,,,,,4989.5,54100
0,54200,STARFRUIT,4986,30,,,,,4993,30,,,,,4989.5,54200
0,54300,STARFRUIT,4986,24,,,,,4992,2,4993.0,22.0,,,4989.0,54300
0,54400,STARFRUIT,4986,30,,,,,4991,4,4992.0,1.0,4993.0,29.0,4988.5,54400
0,54500,STARFRUIT,4986,2,4985.0,22.0,,,4992,24,,,,,4989.0,54500
0,54600,STARFRUIT,4985,25,,,,,4986,1,4992.0,25.0,,,4985.5,54600
0,54700,STARFRUIT,4990,1,4984.0,25.0,,,4991,25,,,,,4990.5,54700
0,54800,STARFRUIT,4985,2,4984.0,29.0,,,4991,31,,,,,4988.0,54800
0,54900,STARFRUIT,4985,6,4984.0,25.0,,,4991,25,,,,,4988.0,54900
0,55000,STARFRUIT,4984,24,,,,,4985,2,4987.0,3.0,4990.0,1.0,4984.5,55000
0,55100,STARFRUIT,4985,7,4984.0,21.0,,,4991,21,,,,,4988.0,55100
0,55200,STARFRUIT,4984,21,,,,,4990,1,4991.0,20.0,,,4987.0,55200
0,55300,STARFRUIT,4984,29,,,,,4991,29,,,,,4987.5,55300
0,55400,STARFRUIT,4986,8,4985.0,28.0,,,4991,1,4992.0,27.0,,,4988.5,55400
0,55500,STARFRUIT,4984,31,,,,,4991,31,,,,,4987.5,55500
0,55600,STARFRUIT,4984,29,,,,,4985,1,4991.0,29.0,,,4984.5,55600
0,55700,STARFRUIT,4984,21,,,,,4991,21,,,,,4987.5,55700
0,55800,STARFRUIT,4984,22,,,,,4991,22,,,,,4987.5,55800
0,55900,STARFRUIT,4984,27,,,,,4990,1,4991.0,26.0,,,4987.0,55900
0,56000,STARFRUIT,4983,29,,,,,4990,29,,,,,4986.5,56000
0,56100,STARFRUIT,4983,23,,,,,4990,23,,,,,4986.5,56100
0,56200,STARFRUIT,4983,23,,,,,4988,7,4990.0,23.0,,,4985.5,56200
0,56300,STARFRUIT,4983,1,4982.0,29.0,,,4989,31,,,,,4986.0,56300
0,56400,STARFRUIT,4983,2,4982.0,25.0,,,4989,25,,,,,4986.0,56400
0,56500,STARFRUIT,4983,1,4982.0,22.0,,,4989,22,,,,,4986.0,56500
0,56600,STARFRUIT,4983,2,4982.0,26.0,,,4987,3,4989.0,28.0,,,4985.0,56600
0,56700,STARFRUIT,4983,2,4982.0,20.0,,,4989,22,,,,,4986.0,56700
0,56800,STARFRUIT,4982,25,,,,,4987,2,4989.0,25.0,,,4984.5,56800
0,56900,STARFRUIT,4983,1,4982.0,20.0,,,4989,21,,,,,4986.0,56900
0,57000,STARFRUIT,4983,32,,,,,4989,2,4990.0,30.0,,,4986.0,57000
0,57100,STARFRUIT,4983,24,,,,,4985,3,4990.0,24.0,,,4984.0,57100
0,57200,STARFRUIT,4984,24,,,,,4985,4,4990.0,24.0,,,4984.5,57200
0,57300,STARFRUIT,4983,21,,,,,4988,6,4990.0,21.0,,,4985.5,57300
0,57400,STARFRUIT,4990,1,4984.0,25.0,,,4991,25,,,,,4990.5,57400
0,57500,STARFRUIT,4985,25,,,,,4991,2,4992.0,23.0,,,4988.0,57500
0,57600,STARFRUIT,4985,2,4984.0,30.0,,,4989,3,4991.0,32.0,,,4987.0,57600
0,57700,STARFRUIT,4985,26,,,,,4991,26,,,,,4988.0,57700
0,57800,STARFRUIT,4984,28,,,,,4991,29,,,,,4987.5,57800
0,57900,STARFRUIT,4984,30,,,,,4990,2,4991.0,28.0,,,4987.0,57900
0,58000,STARFRUIT,4989,1,4986.0,3.0,4984.0,1.0,4990,23,,,,,4989.5,58000
0,58100,STARFRUIT,4983,28,,,,,4988,6,4990.0,28.0,,,4985.5,58100
0,58200,STARFRUIT,4983,26,,,,,4988,8,4990.0,26.0,,,4985.5,58200
0,58300,STARFRUIT,4983,22,,,,,4990,22,,,,,4986.5,58300
0,58400,STARFRUIT,4983,29,,,,,4990,29,,,,,4986.5,58400
0,58500,STARFRUIT,4984,1,4983.0,23.0,,,4990,23,,,,,4987.0,58500
0,58600,STARFRUIT,4983,29,,,,,4990,29,,,,,4986.5,58600
0,58700,STARFRUIT,4983,30,,,,,4990,30,,,,,4986.5,58700
0,58800,STARFRUIT,4982,21,,,,,4989,22,,,,,4985.5,58800
0,58900,STARFRUIT,4984,4,4983.0,26.0,,,4990,26,,,,,4987.0,58900
0,59000,STARFRUIT,4984,22,,,,,4991,22,,,,,4987.5,59000
0,59100,STARFRUIT,4984,2,4983.0,26.0,,,4988,6,4990.0,28.0,,,4986.0,59100
0,59200,STARFRUIT,4984,24,,,,,4991,24,,,,,4987.5,59200
0,59300,STARFRUIT,4983,24,,,,,4990,24,,,,,4986.5,59300
0,59400,STARFRUIT,4983,4,4982.0,27.0,,,4989,29,,,,,4986.0,59400
0,59500,STARFRUIT,4982,26,,,,,4989,26,,,,,4985.5,59500
0,59600,STARFRUIT,4983,28,,,,,4990,28,,,,,4986.5,59600
0,59700,STARFRUIT,4983,1,4982.0,20.0,,,4989,21,,,,,4986.0,59700
0,59800,STARFRUIT,4983,8,4982.0,24.0,,,4985,5,4989.0,24.0,,,4984.0,59800
0,59900,STARFRUIT,4983,22,,,,,4989,1,4990.0,22.0,,,4986.0,59900
0,60000,STARFRUIT,4987,1,4982.0,26.0,,,4989,26,,,,,4988.0,60000
0,60100,STARFRUIT,4987,10,4982.0,24.0,,,4989,24,,,,,4988.0,60100
0,60200,STARFRUIT,4983,1,4982.0,23.0,,,4987,3,4989.0,24.0,,,4985.0,60200
0,60300,STARFRUIT,4983,2,4982.0,26.0,,,4989,28,,,,,4986.0,60300
0,60400,STARFRUIT,4983,2,4982.0,20.0,,,4989,22,,,,,4986.0,60400
0,60500,STARFRUIT,4984,1,4983.0,29.0,,,4985,3,4988.0,2.0,4990.0,30.0,4984.5,60500
0,60600,STARFRUIT,4983,27,,,,,4984,1,4988.0,2.0,4990.0,27.0,4983.5,60600
0,60700,STARFRUIT,4984,8,4983.0,27.0,,,4990,27,,,,,4987.0,60700
0,60800,STARFRUIT,4983,21,,,,,4990,21,,,,,4986.5,60800
0,60900,STARFRUIT,4983,22,,,,,4989,22,,,,,4986.0,60900
0,61000,STARFRUIT,4982,22,,,,,4989,22,,,,,4985.5,61000
0,61100,STARFRUIT,4987,5,4983.0,29.0,,,4990,29,,,,,4988.5,61100
0,61200,STARFRUIT,4983,30,,,,,4989,1,4990.0,29.0,,,4986.0,61200
0,61300,STARFRUIT,4982,27,,,,,4987,7,4989.0,27.0,,,4984.5,61300
0,61400,STARFRUIT,4982,29,,,,,4987,5,4989.0,29.0,,,4984.5,61400
0,61500,STARFRUIT,4982,21,,,,,4989,21,,,,,4985.5,61500
0,61600,STARFRUIT,4982,27,,,,,4989,27,,,,,4985.5,61600
0,61700,STARFRUIT,4981,30,,,,,4988,30,,,,,4984.5,61700
0,61800,STARFRUIT,4986,5,4982.0,1.0,4981.0,25.0,4988,26,,,,,4987.0,61800
0,61900,STARFRUIT,4982,22,,,,,4988,2,4989.0,20.0,,,4985.0,61900
0,62000,STARFRUIT,4982,21,,,,,4988,1,4989.0,20.0,,,4985.0,62000
0,62100,STARFRUIT,4982,22,,,,,4989,22,,,,,4985.5,62100
0,62200,STARFRUIT,4981,29,,,,,4988,29,,,,,4984.5,62200
0,62300,STARFRUIT,4982,25,,,,,4987,8,4989.0,25.0,,,4984.5,62300
0,62400,STARFRUIT,4982,26,,,,,4989,26,,,,,4985.5,62400
0,62500,STARFRUIT,4983,28,,,,,4989,2,4990.0,26.0,,,4986.0,62500
0,62600,STARFRUIT,4984,28,,,,,4991,29,,,,,4987.5,62600
0,62700,STARFRUIT,4984,25,,,,,4990,2,4991.0,23.0,,,4987.0,62700
0,62800,STARFRUIT,4983,23,,,,,4990,23,,,,,4986.5,62800
0,62900,STARFRUIT,4984,29,,,,,4989,6,4990.0,1.0,4991.0,28.0,4986.5,62900
0,63000,STARFRUIT,4983,22,,,,,4984,9,4986.0,6.0,4988.0,3.0,4983.5,63000
0,63100,STARFRUIT,4983,24,,,,,4990,24,,,,,4986.5,63100
0,63200,STARFRUIT,4984,6,4983.0,28.0,,,4990,28,,,,,4987.0,63200
0,63300,STARFRUIT,4984,23,,,,,4991,23,,,,,4987.5,63300
0,63400,STARFRUIT,4984,1,4983.0,21.0,,,4990,22,,,,,4987.0,63400
0,63500,STARFRUIT,4983,22,,,,,4990,22,,,,,4986.5,63500
0,63600,STARFRUIT,4983,22,,,,,4989,2,4990.0,20.0,,,4986.0,63600
0,63700,STARFRUIT,4982,31,,,,,4989,31,,,,,4985.5,63700
0,63800,STARFRUIT,4983,1,4982.0,20.0,,,4989,21,,,,,4986.0,63800
0,63900,STARFRUIT,4982,27,,,,,4989,27,,,,,4985.5,63900
0,64000,STARFRUIT,4982,29,,,,,4988,1,4989.0,28.0,,,4985.0,64000
0,64100,STARFRUIT,4982,32,,,,,4987,6,4989.0,32.0,,,4984.5,64100
0,64200,STARFRUIT,4982,22,,,,,4989,22,,,,,4985.5,64200
0,64300,STARFRUIT,4982,29,,,,,4989,29,,,,,4985.5,64300
0,64400,STARFRUIT,4982,24,,,,,4989,24,,,,,4985.5,64400
0,64500,STARFRUIT,4983,1,4982.0,26.0,,,4989,26,,,,,4986.0,64500
0,64600,STARFRUIT,4982,25,,,,,4989,25,,,,,4985.5,64600
0,64700,STARFRUIT,4983,6,4982.0,29.0,,,4989,29,,,,,4986.0,64700
0,64800,STARFRUIT,4983,2,4982.0,25.0,,,4989,27,,,,,4986.0,64800
0,64900,STARFRUIT,4982,29,,,,,4987,7,4989.0,29.0,,,4984.5,64900
0,65000,STARFRUIT,4983,22,,,,,4988,2,4989.0,1.0,4990.0,21.0,4985.5,65000
0,65100,STARFRUIT,4983,26,,,,,4990,26,,,,,4986.5,65100
0,65200,STARFRUIT,4983,31,,,,,4989,2,4990.0,29.0,,,4986.0,65200
0,65300,STARFRUIT,4986,5,4984.0,1.0,4983.0,23.0,4990,23,,,,,4988.0,65300
0,65400,STARFRUIT,4983,20,,,,,4990,20,,,,,4986.5,65400
0,65500,STARFRUIT,4983,1,4982.0,21.0,,,4989,22,,,,,4986.0,65500
0,65600,STARFRUIT,4983,3,4982.0,30.0,,,4989,30,,,,,4986.0,65600
0,65700,STARFRUIT,4982,26,,,,,4987,4,4989.0,26.0,,,4984.5,65700
0,65800,STARFRUIT,4983,2,4982.0,30.0,,,4989,30,,,,,4986.0,65800
0,65900,STARFRUIT,4982,25,,,,,4989,25,,,,,4985.5,65900
0,66000,STARFRUIT,4983,1,4982.0,27.0,,,4989,28,,,,,4986.0,66000
0,66100,STARFRUIT,4982,25,,,,,4989,25,,,,,4985.5,66100
0,66200,STARFRUIT,4982,24,,,,,4983,8,4989.0,24.0,,,4982.5,66200
0,66300,STARFRUIT,4984,2,4983.0,27.0,,,4989,1,4990.0,26.0,,,4986.5,66300
0,66400,STARFRUIT,4983,25,,,,,4990,25,,,,,4986.5,66400
0,66500,STARFRUIT,4982,24,,,,,4989,24,,,,,4985.5,66500
0,66600,STARFRUIT,4983,6,4982.0,31.0,,,4989,31,,,,,4986.0,66600
0,66700,STARFRUIT,4983,21,,,,,4990,21,,,,,4986.5,66700
0,66800,STARFRUIT,4984,1,4983.0,28.0,,,4990,29,,,,,4987.0,66800
0,66900,STARFRUIT,4984,30,,,,,4987,4,4989.0,1.0,4990.0,1.0,4985.5,66900
0,67000,STARFRUIT,4985,6,4984.0,22.0,,,4991,22,,,,,4988.0,67000
0,67100,STARFRUIT,4984,8,4983.0,29.0,,,4990,29,,,,,4987.0,67100
0,67200,STARFRUIT,4989,1,4984.0,1.0,4983.0,23.0,4990,24,,,,,4989.5,67200
0,67300,STARFRUIT,4984,26,,,,,4991,26,,,,,4987.5,67300
0,67400,STARFRUIT,4983,27,,,,,4990,27,,,,,4986.5,67400
0,67500,STARFRUIT,4984,8,4983.0,29.0,,,4989,2,4990.0,27.0,,,4986.5,67500
0,67600,STARFRUIT,4983,32,,,,,4990,32,,,,,4986.5,67600
0,67700,STARFRUIT,4988,4,4983.0,29.0,,,4990,29,,,,,4989.0,67700
0,67800,STARFRUIT,4983,23,,,,,4988,3,4990.0,23.0,,,4985.5,67800
0,67900,STARFRUIT,4984,4,4983.0,30.0,,,4990,32,,,,,4987.0,67900
0,68000,STARFRUIT,4984,24,,,,,4989,2,4991.0,25.0,,,4986.5,68000
0,68100,STARFRUIT,4984,29,,,,,4990,1,4991.0,28.0,,,4987.0,68100
0,68200,STARFRUIT,4989,1,4983.0,20.0,,,4990,20,,,,,4989.5,68200
0,68300,STARFRUIT,4983,21,,,,,4984,1,4990.0,21.0,,,4983.5,68300
0,68400,STARFRUIT,4983,27,,,,,4990,27,,,,,4986.5,68400
0,68500,STARFRUIT,4984,25,,,,,4990,2,4991.0,23.0,,,4987.0,68500
0,68600,STARFRUIT,4984,27,,,,,4985,4,4990.0,2.0,4991.0,25.0,4984.5,68600
0,68700,STARFRUIT,4984,6,4983.0,25.0,,,4990,25,,,,,4987.0,68700
0,68800,STARFRUIT,4985,2,4984.0,26.0,,,4989,6,4991.0,28.0,,,4987.0,68800
0,68900,STARFRUIT,4990,1,4984.0,25.0,,,4991,25,,,,,4990.5,68900
0,69000,STARFRUIT,4984,23,,,,,4991,23,,,,,4987.5,69000
0,69100,STARFRUIT,4985,25,,,,,4991,25,,,,,4988.0,69100
0,69200,STARFRUIT,4985,26,,,,,4990,6,4992.0,26.0,,,4987.5,69200
0,69300,STARFRUIT,4990,8,4986.0,2.0,4985.0,28.0,4992,28,,,,,4991.0,69300
0,69400,STARFRUIT,4991,1,4985.0,22.0,,,4992,22,,,,,4991.5,69400
0,69500,STARFRUIT,4985,20,,,,,4992,20,,,,,4988.5,69500
0,69600,STARFRUIT,4986,1,4985.0,22.0,,,4991,1,4992.0,21.0,,,4988.5,69600
0,69700,STARFRUIT,4984,21,,,,,4991,21,,,,,4987.5,69700
0,69800,STARFRUIT,4990,1,4985.0,1.0,4984.0,26.0,4991,27,,,,,4990.5,69800
0,69900,STARFRUIT,4984,29,,,,,4991,29,,,,,4987.5,69900
0,70000,STARFRUIT,4985,2,4984.0,26.0,,,4991,28,,,,,4988.0,70000
0,70100,STARFRUIT,4984,24,,,,,4991,24,,,,,4987.5,70100
0,70200,STARFRUIT,4989,3,4985.0,31.0,,,4991,2,4992.0,29.0,,,4990.0,70200
0,70300,STARFRUIT,4985,29,,,,,4992,29,,,,,4988.5,70300
0,70400,STARFRUIT,4984,24,,,,,4985,7,4991.0,26.0,,,4984.5,70400
0,70500,STARFRUIT,4985,6,4984.0,23.0,,,4991,25,,,,,4988.0,70500
0,70600,STARFRUIT,4984,30,,,,,4991,30,,,,,4987.5,70600
0,70700,STARFRUIT,4983,22,,,,,4990,22,,,,,4986.5,70700
0,70800,STARFRUIT,4983,28,,,,,4990,28,,,,,4986.5,70800
0,70900,STARFRUIT,4983,26,,,,,4990,26,,,,,4986.5,70900
0,71000,STARFRUIT,4983,31,,,,,4990,31,,,,,4986.5,71000
0,71100,STARFRUIT,4983,25,,,,,4990,25,,,,,4986.5,71100
0,71200,STARFRUIT,4986,5,4983.0,28.0,,,4990,28,,,,,4988.0,71200
0,71300,STARFRUIT,4984,3,4983.0,29.0,,,4990,29,,,,,4987.0,71300
0,71400,STARFRUIT,4984,28,,,,,4991,29,,,,,4987.5,71400
0,71500,STARFRUIT,4985,2,4984.0,30.0,,,4991,30,,,,,4988.0,71500
0,71600,STARFRUIT,4984,20,,,,,4991,20,,,,,4987.5,71600
0,71700,STARFRUIT,4984,20,,,,,4991,20,,,,,4987.5,71700
0,71800,STARFRUIT,4989,1,4984.0,25.0,,,4990,2,4991.0,23.0,,,4989.5,71800
0,71900,STARFRUIT,4984,30,,,,,4985,2,4990.0,2.0,4991.0,28.0,4984.5,71900
0,72000,STARFRUIT,4983,26,,,,,4990,26,,,,,4986.5,72000
0,72100,STARFRUIT,4988,9,4984.0,1.0,4983.0,23.0,4990,24,,,,,4989.0,72100
0,72200,STARFRUIT,4984,24,,,,,4991,24,,,,,4987.5,72200
0,72300,STARFRUIT,4984,30,,,,,4991,30,,,,,4987.5,72300
0,72400,STARFRUIT,4985,2,4984.0,21.0,,,4991,23,,,,,4988.0,72400
0,72500,STARFRUIT,4986,2,4985.0,22.0,,,4990,7,4992.0,24.0,,,4988.0,72500
0,72600,STARFRUIT,4985,22,,,,,4990,4,4991.0,1.0,4992.0,21.0,4987.5,72600
0,72700,STARFRUIT,4985,23,,,,,4992,23,,,,,4988.5,72700
0,72800,STARFRUIT,4985,1,4984.0,25.0,,,4991,26,,,,,4988.0,72800
0,72900,STARFRUIT,4984,25,,,,,4989,3,4991.0,25.0,,,4986.5,72900
0,73000,STARFRUIT,4984,24,,,,,4991,24,,,,,4987.5,73000
0,73100,STARFRUIT,4984,26,,,,,4991,26,,,,,4987.5,73100
0,73200,STARFRUIT,4984,30,,,,,4990,2,4991.0,28.0,,,4987.0,73200
0,73300,STARFRUIT,4984,6,4983.0,30.0,,,4990,32,,,,,4987.0,73300
0,73400,STARFRUIT,4983,31,,,,,4990,31,,,,,4986.5,73400
0,73500,STARFRUIT,4983,20,,,,,4990,20,,,,,4986.5,73500
0,73600,STARFRUIT,4982,26,,,,,4989,26,,,,,4985.5,73600
0,73700,STARFRUIT,4982,30,,,,,4989,30,,,,,4985.5,73700
0,73800,STARFRUIT,4985,3,4983.0,1.0,4982.0,30.0,4989,30,,,,,4987.0,73800
0,73900,STARFRUIT,4982,26,,,,,4987,8,4989.0,27.0,,,4984.5,73900
0,74000,STARFRUIT,4982,29,,,,,4989,29,,,,,4985.5,74000
0,74100,STARFRUIT,4982,31,,,,,4989,31,,,,,4985.5,74100
0,74200,STARFRUIT,4986,1,4982.0,3.0,4981.0,28.0,4988,28,,,,,4987.0,74200
0,74300,STARFRUIT,4981,25,,,,,4988,25,,,,,4984.5,74300
0,74400,STARFRUIT,4984,6,4981.0,21.0,,,4987,1,4988.0,20.0,,,4985.5,74400
0,74500,STARFRUIT,4981,23,,,,,4986,1,4987.0,1.0,4988.0,22.0,4983.5,74500
0,74600,STARFRUIT,4981,31,,,,,4987,1,4988.0,30.0,,,4984.0,74600
0,74700,STARFRUIT,4981,26,,,,,4988,26,,,,,4984.5,74700
0,74800,STARFRUIT,4983,4,4982.0,26.0,,,4988,1,4989.0,25.0,,,4985.5,74800
0,74900,STARFRUIT,4982,24,,,,,4989,24,,,,,4985.5,74900
0,75000,STARFRUIT,4981,30,,,,,4988,30,,,,,4984.5,75000
0,75100,STARFRUIT,4982,5,4981.0,25.0,,,4988,25,,,,,4985.0,75100
0,75200,STARFRUIT,4982,22,,,,,4988,2,4989.0,20.0,,,4985.0,75200
0,75300,STARFRUIT,4983,6,4982.0,27.0,,,4989,27,,,,,4986.0,75300
0,75400,STARFRUIT,4984,2,4983.0,30.0,,,4990,30,,,,,4987.0,75400
0,75500,STARFRUIT,4982,29,,,,,4989,30,,,,,4985.5,75500
0,75600,STARFRUIT,4988,1,4986.0,6.0,4984.0,1.0,4989,2,4990.0,20.0,,,4988.5,75600
0,75700,STARFRUIT,4983,22,,,,,4989,1,4990.0,21.0,,,4986.0,75700
0,75800,STARFRUIT,4983,1,4982.0,21.0,,,4989,22,,,,,4986.0,75800
0,75900,STARFRUIT,4983,2,4982.0,30.0,,,4987,4,4989.0,32.0,,,4985.0,75900
0,76000,STARFRUIT,4984,6,4983.0,22.0,,,4989,1,4990.0,21.0,,,4986.5,76000
0,76100,STARFRUIT,4983,28,,,,,4989,2,4990.0,26.0,,,4986.0,76100
0,76200,STARFRUIT,4983,26,,,,,4988,1,4990.0,26.0,,,4985.5,76200
0,76300,STARFRUIT,4984,27,,,,,4989,2,4991.0,27.0,,,4986.5,76300
0,76400,STARFRUIT,4984,27,,,,,4987,3,4990.0,2.0,4991.0,26.0,4985.5,76400
0,76500,STARFRUIT,4983,31,,,,,4990,31,,,,,4986.5,76500
0,76600,STARFRUIT,4982,31,,,,,4987,8,4989.0,31.0,,,4984.5,76600
0,76700,STARFRUIT,4982,22,,,,,4987,8,4989.0,22.0,,,4984.5,76700
0,76800,STARFRUIT,4982,26,,,,,4989,26,,,,,4985.5,76800
0,76900,STARFRUIT,4983,31,,,,,4990,31,,,,,4986.5,76900
0,77000,STARFRUIT,4983,25,,,,,4990,25,,,,,4986.5,77000
0,77100,STARFRUIT,4984,8,4983.0,27.0,,,4990,27,,,,,4987.0,77100
0,77200,STARFRUIT,4984,2,4983.0,26.0,,,4988,2,4990.0,28.0,,,4986.0,77200
0,77300,STARFRUIT,4984,30,,,,,4989,6,4991.0,30.0,,,4986.5,77300
0,77400,STARFRUIT,4984,28,,,,,4987,6,4990.0,1.0,4991.0,27.0,4985.5,77400
0,77500,STARFRUIT,4984,20,,,,,4991,20,,,,,4987.5,77500
0,77600,STARFRUIT,4986,2,4984.0,1.0,4983.0,25.0,4990,26,,,,,4988.0,77600
0,77700,STARFRUIT,4983,26,,,,,4990,26,,,,,4986.5,77700
0,77800,STARFRUIT,4984,26,,,,,4985,4,4990.0,2.0,4991.0,24.0,4984.5,77800
0,77900,STARFRUIT,4983,30,,,,,4990,30,,,,,4986.5,77900
0,78000,STARFRUIT,4984,1,4983.0,27.0,,,4990,28,,,,,4987.0,78000
0,78100,STARFRUIT,4989,1,4984.0,32.0,,,4990,2,4991.0,30.0,,,4989.5,78100
0,78200,STARFRUIT,4984,20,,,,,4991,20,,,,,4987.5,78200
0,78300,STARFRUIT,4985,6,4984.0,22.0,,,4991,22,,,,,4988.0,78300
0,78400,STARFRUIT,4985,2,4984.0,26.0,,,4991,28,,,,,4988.0,78400
0,78500,STARFRUIT,4984,32,,,,,4990,2,4991.0,30.0,,,4987.0,78500
0,78600,STARFRUIT,4983,30,,,,,4984,1,4990.0,30.0,,,4983.5,78600
0,78700,STARFRUIT,4983,29,,,,,4990,29,,,,,4986.5,78700
0,78800,STARFRUIT,4983,23,,,,,4990,24,,,,,4986.5,78800
0,78900,STARFRUIT,4984,2,4983.0,30.0,,,4990,30,,,,,4987.0,78900
0,79000,STARFRUIT,4984,8,4983.0,22.0,,,4989,1,4990.0,21.0,,,4986.5,79000
0,79100,STARFRUIT,4985,5,4982.0,27.0,,,4989,27,,,,,4987.0,79100
0,79200,STARFRUIT,4983,30,,,,,4988,8,4990.0,30.0,,,4985.5,79200
0,79300,STARFRUIT,4982,29,,,,,4989,29,,,,,4985.5,79300
0,79400,STARFRUIT,4982,20,,,,,4989,20,,,,,4985.5,79400
0,79500,STARFRUIT,4982,28,,,,,4989,28,,,,,4985.5,79500
0,79600,STARFRUIT,4982,1,4981.0,26.0,,,4988,27,,,,,4985.0,79600
0,79700,STARFRUIT,4982,2,4981.0,30.0,,,4988,32,,,,,4985.0,79700
0,79800,STARFRUIT,4982,2,4981.0,20.0,,,4983,4,4988.0,22.0,,,4982.5,79800
0,79900,STARFRUIT,4982,1,4981.0,23.0,,,4987,2,4988.0,21.0,,,4984.5,79900
0,80000,STARFRUIT,4980,30,,,,,4987,30,,,,,4983.5,80000
0,80100,STARFRUIT,4986,1,4980.0,31.0,,,4987,31,,,,,4986.5,80100
0,80200,STARFRUIT,4980,27,,,,,4987,27,,,,,4983.5,80200
0,80300,STARFRUIT,4981,5,4980.0,29.0,,,4987,30,,,,,4984.0,80300
0,80400,STARFRUIT,4981,23,,,,,4984,4,4988.0,23.0,,,4982.5,80400
0,80500,STARFRUIT,4981,22,,,,,4986,3,4988.0,23.0,,,4983.5,80500
0,80600,STARFRUIT,4981,27,,,,,4988,27,,,,,4984.5,80600
0,80700,STARFRUIT,4982,2,4981.0,29.0,,,4987,2,4988.0,27.0,,,4984.5,80700
0,80800,STARFRUIT,4982,6,4981.0,25.0,,,4988,25,,,,,4985.0,80800
0,80900,STARFRUIT,4981,30,,,,,4982,1,4986.0,1.0,4988.0,30.0,4981.5,80900
0,81000,STARFRUIT,4981,2,4980.0,30.0,,,4987,32,,,,,4984.0,81000
0,81100,STARFRUIT,4981,29,,,,,4987,1,4988.0,28.0,,,4984.0,81100
0,81200,STARFRUIT,4981,1,4980.0,26.0,,,4987,27,,,,,4984.0,81200
0,81300,STARFRUIT,4986,1,4981.0,2.0,4980.0,20.0,4987,22,,,,,4986.5,81300
0,81400,STARFRUIT,4981,23,,,,,4987,23,,,,,4984.0,81400
0,81500,STARFRUIT,4981,28,,,,,4988,28,,,,,4984.5,81500
0,81600,STARFRUIT,4981,20,,,,,4986,5,4988.0,20.0,,,4983.5,81600
0,81700,STARFRUIT,4982,3,4981.0,27.0,,,4988,27,,,,,4985.0,81700
0,81800,STARFRUIT,4981,28,,,,,4986,8,4988.0,29.0,,,4983.5,81800
0,81900,STARFRUIT,4982,7,4981.0,27.0,,,4984,4,4988.0,27.0,,,4983.0,81900
0,82000,STARFRUIT,4981,32,,,,,4986,4,4988.0,32.0,,,4983.5,82000
0,82100,STARFRUIT,4981,21,,,,,4988,22,,,,,4984.5,82100
0,82200,STARFRUIT,4987,1,4982.0,2.0,4981.0,28.0,4988,30,,,,,4987.5,82200
0,82300,STARFRUIT,4982,1,4981.0,26.0,,,4988,27,,,,,4985.0,82300
0,82400,STARFRUIT,4982,2,4981.0,24.0,,,4983,4,4988.0,26.0,,,4982.5,82400
0,82500,STARFRUIT,4981,26,,,,,4988,26,,,,,4984.5,82500
0,82600,STARFRUIT,4981,22,,,,,4986,8,4988.0,23.0,,,4983.5,82600
0,82700,STARFRUIT,4980,31,,,,,4987,31,,,,,4983.5,82700
0,82800,STARFRUIT,4981,1,4980.0,21.0,,,4987,22,,,,,4984.0,82800
0,82900,STARFRUIT,4980,23,,,,,4987,23,,,,,4983.5,82900
0,83000,STARFRUIT,4981,4,4980.0,30.0,,,4987,31,,,,,4984.0,83000
0,83100,STARFRUIT,4983,7,4982.0,21.0,,,4988,1,4989.0,20.0,,,4985.5,83100
0,83200,STARFRUIT,4982,28,,,,,4988,28,,,,,4985.0,83200
0,83300,STARFRUIT,4982,22,,,,,4989,22,,,,,4985.5,83300
0,83400,STARFRUIT,4987,3,4982.0,30.0,,,4989,30,,,,,4988.0,83400
0,83500,STARFRUIT,4982,29,,,,,4989,29,,,,,4985.5,83500
0,83600,STARFRUIT,4982,25,,,,,4988,2,4989.0,23.0,,,4985.0,83600
0,83700,STARFRUIT,4982,27,,,,,4989,27,,,,,4985.5,83700
0,83800,STARFRUIT,4983,2,4982.0,30.0,,,4989,32,,,,,4986.0,83800
0,83900,STARFRUIT,4988,1,4984.0,5.0,4983.0,27.0,4989,1,4990.0,26.0,,,4988.5,83900
0,84000,STARFRUIT,4982,25,,,,,4987,5,4989.0,25.0,,,4984.5,84000
0,84100,STARFRUIT,4983,3,4982.0,26.0,,,4989,26,,,,,4986.0,84100
0,84200,STARFRUIT,4987,1,4982.0,5.0,4981.0,25.0,4988,27,,,,,4987.5,84200
0,84300,STARFRUIT,4982,25,,,,,4989,25,,,,,4985.5,84300
0,84400,STARFRUIT,4982,30,,,,,4989,30,,,,,4985.5,84400
0,84500,STARFRUIT,4982,29,,,,,4989,29,,,,,4985.5,84500
0,84600,STARFRUIT,4983,28,,,,,4989,2,4990.0,26.0,,,4986.0,84600
0,84700,STARFRUIT,4988,1,4983.0,28.0,,,4989,2,4990.0,26.0,,,4988.5,84700
0,84800,STARFRUIT,4983,24,,,,,4989,1,4990.0,23.0,,,4986.0,84800
0,84900,STARFRUIT,4983,28,,,,,4988,1,4989.0,2.0,4990.0,26.0,4985.5,84900
0,85000,STARFRUIT,4982,30,,,,,4989,30,,,,,4985.5,85000
0,85100,STARFRUIT,4982,26,,,,,4987,8,4989.0,26.0,,,4984.5,85100
0,85200,STARFRUIT,4982,27,,,,,4987,1,4989.0,27.0,,,4984.5,85200
0,85300,STARFRUIT,4983,28,,,,,4989,2,4990.0,26.0,,,4986.0,85300
0,85400,STARFRUIT,4983,3,4982.0,29.0,,,4989,29,,,,,4986.0,85400
0,85500,STARFRUIT,4982,28,,,,,4989,28,,,,,4985.5,85500
0,85600,STARFRUIT,4982,29,,,,,4989,29,,,,,4985.5,85600
0,85700,STARFRUIT,4982,28,,,,,4989,28,,,,,4985.5,85700
0,85800,STARFRUIT,4983,29,,,,,4990,29,,,,,4986.5,85800
0,85900,STARFRUIT,4983,1,4982.0,29.0,,,4989,30,,,,,4986.0,85900
0,86000,STARFRUIT,4983,22,,,,,4989,1,4990.0,22.0,,,4986.0,86000
0,86100,STARFRUIT,4982,20,,,,,4989,20,,,,,4985.5,86100
0,86200,STARFRUIT,4982,28,,,,,4989,28,,,,,4985.5,86200
0,86300,STARFRUIT,4982,29,,,,,4983,1,4989.0,29.0,,,4982.5,86300
0,86400,STARFRUIT,4983,7,4982.0,30.0,,,4989,31,,,,,4986.0,86400
0,86500,STARFRUIT,4984,1,4983.0,23.0,,,4990,23,,,,,4987.0,86500
0,86600,STARFRUIT,4983,22,,,,,4988,5,4990.0,22.0,,,4985.5,86600
0,86700,STARFRUIT,4982,21,,,,,4989,21,,,,,4985.5,86700
0,86800,STARFRUIT,4983,23,,,,,4990,23,,,,,4986.5,86800
0,86900,STARFRUIT,4983,23,,,,,4988,4,4990.0,23.0,,,4985.5,86900
0,87000,STARFRUIT,4983,22,,,,,4988,6,4989.0,22.0,,,4985.5,87000
0,87100,STARFRUIT,4982,23,,,,,4987,8,4989.0,23.0,,,4984.5,87100
0,87200,STARFRUIT,4982,20,,,,,4989,20,,,,,4985.5,87200
0,87300,STARFRUIT,4982,30,,,,,4989,30,,,,,4985.5,87300
0,87400,STARFRUIT,4982,28,,,,,4989,28,,,,,4985.5,87400
0,87500,STARFRUIT,4983,7,4982.0,24.0,,,4988,2,4989.0,22.0,,,4985.5,87500
0,87600,STARFRUIT,4982,30,,,,,4988,2,4989.0,28.0,,,4985.0,87600
0,87700,STARFRUIT,4982,20,,,,,4989,20,,,,,4985.5,87700
0,87800,STARFRUIT,4983,20,,,,,4990,20,,,,,4986.5,87800
0,87900,STARFRUIT,4987,10,4983.0,5.0,4982.0,25.0,4989,25,,,,,4988.0,87900
0,88000,STARFRUIT,4983,27,,,,,4990,27,,,,,4986.5,88000
0,88100,STARFRUIT,4984,28,,,,,4991,28,,,,,4987.5,88100
0,88200,STARFRUIT,4985,8,4984.0,26.0,,,4991,26,,,,,4988.0,88200
0,88300,STARFRUIT,4989,5,4985.0,26.0,,,4991,2,4992.0,24.0,,,4990.0,88300
0,88400,STARFRUIT,4990,1,4985.0,28.0,,,4992,28,,,,,4991.0,88400
0,88500,STARFRUIT,4985,22,,,,,4992,22,,,,,4988.5,88500
0,88600,STARFRUIT,4985,25,,,,,4986,4,4992.0,25.0,,,4985.5,88600
0,88700,STARFRUIT,4985,28,,,,,4990,1,4992.0,28.0,,,4987.5,88700
0,88800,STARFRUIT,4985,2,4984.0,29.0,,,4986,5,4987.0,4.0,4991.0,31.0,4985.5,88800
0,88900,STARFRUIT,4989,1,4984.0,27.0,,,4991,27,,,,,4990.0,88900
0,89000,STARFRUIT,4984,24,,,,,4990,1,4991.0,23.0,,,4987.0,89000
0,89100,STARFRUIT,4984,2,4983.0,27.0,,,4985,2,4990.0,29.0,,,4984.5,89100
0,89200,STARFRUIT,4984,30,,,,,4990,2,4991.0,28.0,,,4987.0,89200
0,89300,STARFRUIT,4984,25,,,,,4991,25,,,,,4987.5,89300
0,89400,STARFRUIT,4989,1,4984.0,23.0,,,4991,23,,,,,4990.0,89400
0,89500,STARFRUIT,4984,27,,,,,4991,27,,,,,4987.5,89500
0,89600,STARFRUIT,4984,26,,,,,4991,26,,,,,4987.5,89600
0,89700,STARFRUIT,4984,30,,,,,4989,8,4990.0,2.0,4991.0,28.0,4986.5,89700
0,89800,STARFRUIT,4984,28,,,,,4990,1,4991.0,27.0,,,4987.0,89800
0,89900,STARFRUIT,4984,26,,,,,4991,26,,,,,4987.5,89900
0,90000,STARFRUIT,4985,4,4984.0,24.0,,,4991,24,,,,,4988.0,90000
0,90100,STARFRUIT,4983,28,,,,,4990,28,,,,,4986.5,90100
0,90200,STARFRUIT,4982,21,,,,,4989,21,,,,,4985.5,90200
0,90300,STARFRUIT,4982,23,,,,,4987,6,4989.0,23.0,,,4984.5,90300
0,90400,STARFRUIT,4982,25,,,,,4984,5,4989.0,25.0,,,4983.0,90400
0,90500,STARFRUIT,4984,6,4983.0,24.0,,,4990,24,,,,,4987.0,90500
0,90600,STARFRUIT,4989,1,4984.0,1.0,4983.0,25.0,4990,25,,,,,4989.5,90600
0,90700,STARFRUIT,4984,28,,,,,4991,28,,,,,4987.5,90700
0,90800,STARFRUIT,4984,26,,,,,4987,3,4991.0,26.0,,,4985.5,90800
0,90900,STARFRUIT,4985,26,,,,,4990,4,4992.0,26.0,,,4987.5,90900
0,91000,STARFRUIT,4984,30,,,,,4991,31,,,,,4987.5,91000
0,91100,STARFRUIT,4985,23,,,,,4990,4,4991.0,2.0,4992.0,21.0,4987.5,91100
0,91200,STARFRUIT,4985,26,,,,,4992,26,,,,,4988.5,91200
0,91300,STARFRUIT,4986,27,,,,,4993,27,,,,,4989.5,91300
0,91400,STARFRUIT,4986,22,,,,,4993,22,,,,,4989.5,91400
0,91500,STARFRUIT,4990,4,4986.0,26.0,,,4991,5,4993.0,26.0,,,4990.5,91500
0,91600,STARFRUIT,4987,1,4986.0,29.0,,,4991,5,4993.0,30.0,,,4989.0,91600
0,91700,STARFRUIT,4987,4,4986.0,23.0,,,4993,23,,,,,4990.0,91700
0,91800,STARFRUIT,4986,24,,,,,4993,24,,,,,4989.5,91800
0,91900,STARFRUIT,4987,7,4986.0,22.0,,,4993,22,,,,,4990.0,91900
0,92000,STARFRUIT,4985,28,,,,,4992,28,,,,,4988.5,92000
0,92100,STARFRUIT,4986,22,,,,,4993,22,,,,,4989.5,92100
0,92200,STARFRUIT,4987,2,4986.0,28.0,,,4991,4,4993.0,30.0,,,4989.0,92200
0,92300,STARFRUIT,4987,1,4986.0,29.0,,,4993,29,,,,,4990.0,92300
0,92400,STARFRUIT,4986,27,,,,,4991,6,4993.0,27.0,,,4988.5,92400
0,92500,STARFRUIT,4986,27,,,,,4993,28,,,,,4989.5,92500
0,92600,STARFRUIT,4986,23,,,,,4987,1,4991.0,4.0,4993.0,23.0,4986.5,92600
0,92700,STARFRUIT,4986,20,,,,,4993,20,,,,,4989.5,92700
0,92800,STARFRUIT,4986,22,,,,,4993,22,,,,,4989.5,92800
0,92900,STARFRUIT,4985,21,,,,,4992,21,,,,,4988.5,92900
0,93000,STARFRUIT,4985,22,,,,,4990,3,4992.0,22.0,,,4987.5,93000
0,93100,STARFRUIT,4990,2,4986.0,1.0,4985.0,20.0,4992,21,,,,,4991.0,93100
0,93200,STARFRUIT,4985,30,,,,,4990,3,4992.0,30.0,,,4987.5,93200
0,93300,STARFRUIT,4986,2,4985.0,25.0,,,4992,25,,,,,4989.0,93300
0,93400,STARFRUIT,4985,26,,,,,4992,26,,,,,4988.5,93400
0,93500,STARFRUIT,4986,28,,,,,4993,28,,,,,4989.5,93500
0,93600,STARFRUIT,4986,30,,,,,4991,1,4993.0,30.0,,,4988.5,93600
0,93700,STARFRUIT,4985,29,,,,,4992,29,,,,,4988.5,93700
0,93800,STARFRUIT,4985,28,,,,,4990,8,4992.0,28.0,,,4987.5,93800
0,93900,STARFRUIT,4985,28,,,,,4992,28,,,,,4988.5,93900
0,94000,STARFRUIT,4985,30,,,,,4992,30,,,,,4988.5,94000
0,94100,STARFRUIT,4991,1,4986.0,28.0,,,4993,28,,,,,4992.0,94100
0,94200,STARFRUIT,4986,25,,,,,4993,25,,,,,4989.5,94200
0,94300,STARFRUIT,4985,21,,,,,4992,22,,,,,4988.5,94300
0,94400,STARFRUIT,4985,24,,,,,4986,1,4992.0,24.0,,,4985.5,94400
0,94500,STARFRUIT,4985,23,,,,,4986,1,4992.0,23.0,,,4985.5,94500
0,94600,STARFRUIT,4990,4,4985.0,30.0,,,4992,30,,,,,4991.0,94600
0,94700,STARFRUIT,4986,22,,,,,4993,22,,,,,4989.5,94700
0,94800,STARFRUIT,4986,1,4985.0,25.0,,,4992,26,,,,,4989.0,94800
0,94900,STARFRUIT,4987,5,4986.0,30.0,,,4993,30,,,,,4990.0,94900
0,95000,STARFRUIT,4985,23,,,,,4992,23,,,,,4988.5,95000
0,95100,STARFRUIT,4985,25,,,,,4990,5,4992.0,25.0,,,4987.5,95100
0,95200,STARFRUIT,4985,23,,,,,4992,23,,,,,4988.5,95200
0,95300,STARFRUIT,4987,7,4986.0,31.0,,,4993,31,,,,,4990.0,95300
0,95400,STARFRUIT,4986,25,,,,,4993,25,,,,,4989.5,95400
0,95500,STARFRUIT,4985,21,,,,,4992,21,,,,,4988.5,95500
0,95600,STARFRUIT,4991,1,4989.0,5.0,4986.0,22.0,4992,1,4993.0,21.0,,,4991.5,95600
0,95700,STARFRUIT,4986,2,4985.0,30.0,,,4992,32,,,,,4989.0,95700
0,95800,STARFRUIT,4986,25,,,,,4993,26,,,,,4989.5,95800
0,95900,STARFRUIT,4986,25,,,,,4991,3,4992.0,1.0,4993.0,24.0,4988.5,95900
0,96000,STARFRUIT,4985,21,,,,,4992,21,,,,,4988.5,96000
0,96100,STARFRUIT,4986,30,,,,,4993,30,,,,,4989.5,96100
0,96200,STARFRUIT,4986,28,,,,,4993,29,,,,,4989.5,96200
0,96300,STARFRUIT,4986,24,,,,,4993,24,,,,,4989.5,96300
0,96400,STARFRUIT,4986,27,,,,,4992,1,4993.0,26.0,,,4989.0,96400
0,96500,STARFRUIT,4987,2,4986.0,21.0,,,4993,23,,,,,4990.0,96500
0,96600,STARFRUIT,4986,31,,,,,4993,31,,,,,4989.5,96600
0,96700,STARFRUIT,4987,2,4986.0,23.0,,,4993,25,,,,,4990.0,96700
0,96800,STARFRUIT,4991,1,4986.0,27.0,,,4993,27,,,,,4992.0,96800
0,96900,STARFRUIT,4985,21,,,,,4992,21,,,,,4988.5,96900
0,97000,STARFRUIT,4986,1,4985.0,23.0,,,4987,2,4992.0,24.0,,,4986.5,97000
0,97100,STARFRUIT,4988,3,4985.0,20.0,,,4992,20,,,,,4990.0,97100
0,97200,STARFRUIT,4986,22,,,,,4993,22,,,,,4989.5,97200
0,97300,STARFRUIT,4986,32,,,,,4993,32,,,,,4989.5,97300
0,97400,STARFRUIT,4987,9,4986.0,30.0,,,4993,31,,,,,4990.0,97400
0,97500,STARFRUIT,4991,4,4987.0,22.0,,,4993,1,4994.0,21.0,,,4992.0,97500
0,97600,STARFRUIT,4988,31,,,,,4995,31,,,,,4991.5,97600
0,97700,STARFRUIT,4988,32,,,,,4994,2,4995.0,30.0,,,4991.0,97700
0,97800,STARFRUIT,4988,24,,,,,4995,24,,,,,4991.5,97800
0,97900,STARFRUIT,4988,30,,,,,4995,30,,,,,4991.5,97900
0,98000,STARFRUIT,4988,31,,,,,4995,31,,,,,4991.5,98000
0,98100,STARFRUIT,4993,1,4989.0,8.0,4988.0,27.0,4995,27,,,,,4994.0,98100
0,98200,STARFRUIT,4988,26,,,,,4993,3,4995.0,27.0,,,4990.5,98200
0,98300,STARFRUIT,4988,26,,,,,4989,4,4993.0,5.0,4995.0,26.0,4988.5,98300
0,98400,STARFRUIT,4987,26,,,,,4988,1,4994.0,26.0,,,4987.5,98400
0,98500,STARFRUIT,4992,5,4987.0,25.0,,,4994,25,,,,,4993.0,98500
0,98600,STARFRUIT,4988,1,4987.0,20.0,,,4994,20,,,,,4991.0,98600
0,98700,STARFRUIT,4987,29,,,,,4994,29,,,,,4990.5,98700
0,98800,STARFRUIT,4988,2,4987.0,30.0,,,4994,32,,,,,4991.0,98800
0,98900,STARFRUIT,4990,3,4987.0,25.0,,,4994,25,,,,,4992.0,98900
0,99000,STARFRUIT,4988,2,4987.0,21.0,,,4992,7,4994.0,23.0,,,4990.0,99000
0,99100,STARFRUIT,4987,22,,,,,4992,2,4994.0,22.0,,,4989.5,99100
0,99200,STARFRUIT,4993,1,4990.0,3.0,4987.0,31.0,4994,31,,,,,4993.5,99200
0,99300,STARFRUIT,4987,21,,,,,4990,2,4994.0,21.0,,,4988.5,99300
0,99400,STARFRUIT,4988,26,,,,,4995,26,,,,,4991.5,99400
0,99500,STARFRUIT,4993,1,4989.0,4.0,4988.0,30.0,4995,30,,,,,4994.0,99500
0,99600,STARFRUIT,4988,28,,,,,4995,28,,,,,4991.5,99600
0,99700,STARFRUIT,4987,31,,,,,4994,31,,,,,4990.5,99700
0,99800,STARFRUIT,4989,6,4988.0,29.0,,,4991,4,4994.0,2.0,4995.0,27.0,4990.0,99800
0,99900,STARFRUIT,4987,28,,,,,4994,28,,,,,4990.5,99900
0,100000,STARFRUIT,4987,30,,,,,4994,30,,,,,4990.5,100000
0,100100,STARFRUIT,4987,27,,,,,4993,2,4994.0,26.0,,,4990.0,100100
0,100200,STARFRUIT,4986,22,,,,,4993,22,,,,,4989.5,100200
0,100300,STARFRUIT,4986,1,4985.0,27.0,,,4992,28,,,,,4989.0,100300
0,100400,STARFRUIT,4991,1,4986.0,21.0,,,4993,21,,,,,4992.0,100400
0,100500,STARFRUIT,4986,24,,,,,4993,24,,,,,4989.5,100500
0,100600,STARFRUIT,4986,31,,,,,4992,1,4993.0,30.0,,,4989.0,100600
0,100700,STARFRUIT,4986,27,,,,,4993,27,,,,,4989.5,100700
0,100800,STARFRUIT,4986,22,,,,,4993,22,,,,,4989.5,100800
0,100900,STARFRUIT,4987,26,,,,,4994,26,,,,,4990.5,100900
0,101000,STARFRUIT,4987,21,,,,,4993,1,4994.0,20.0,,,4990.0,101000
0,101100,STARFRUIT,4987,7,4986.0,27.0,,,4993,28,,,,,4990.0,101100
0,101200,STARFRUIT,4987,2,4986.0,21.0,,,4993,23,,,,,4990.0,101200
0,101300,STARFRUIT,4987,7,4986.0,27.0,,,4993,28,,,,,4990.0,101300
0,101400,STARFRUIT,4987,2,4986.0,24.0,,,4993,26,,,,,4990.0,101400
0,101500,STARFRUIT,4986,26,,,,,4991,3,4993.0,26.0,,,4988.5,101500
0,101600,STARFRUIT,4986,28,,,,,4993,28,,,,,4989.5,101600
0,101700,STARFRUIT,4985,22,,,,,4992,22,,,,,4988.5,101700
0,101800,STARFRUIT,4985,23,,,,,4992,23,,,,,4988.5,101800
0,101900,STARFRUIT,4985,21,,,,,4991,1,4992.0,20.0,,,4988.0,101900
0,102000,STARFRUIT,4985,1,4984.0,24.0,,,4991,25,,,,,4988.0,102000
0,102100,STARFRUIT,4984,23,,,,,4989,4,4991.0,23.0,,,4986.5,102100
0,102200,STARFRUIT,4985,2,4984.0,29.0,,,4991,31,,,,,4988.0,102200
0,102300,STARFRUIT,4986,6,4985.0,30.0,,,4991,1,4992.0,29.0,,,4988.5,102300
0,102400,STARFRUIT,4984,31,,,,,4985,1,4987.0,4.0,4991.0,31.0,4984.5,102400
0,102500,STARFRUIT,4990,1,4985.0,2.0,4984.0,28.0,4991,30,,,,,4990.5,102500
0,102600,STARFRUIT,4985,23,,,,,4991,1,4992.0,22.0,,,4988.0,102600
0,102700,STARFRUIT,4986,8,4985.0,22.0,,,4991,1,4992.0,21.0,,,4988.5,102700
0,102800,STARFRUIT,4984,29,,,,,4991,29,,,,,4987.5,102800
0,102900,STARFRUIT,4983,25,,,,,4990,25,,,,,4986.5,102900
0,103000,STARFRUIT,4984,4,4983.0,28.0,,,4990,30,,,,,4987.0,103000
0,103100,STARFRUIT,4984,22,,,,,4991,22,,,,,4987.5,103100
0,103200,STARFRUIT,4984,24,,,,,4991,24,,,,,4987.5,103200
0,103300,STARFRUIT,4988,2,4983.0,21.0,,,4990,21,,,,,4989.0,103300
0,103400,STARFRUIT,4984,29,,,,,4989,5,4991.0,29.0,,,4986.5,103400
0,103500,STARFRUIT,4985,2,4984.0,29.0,,,4991,31,,,,,4988.0,103500
0,103600,STARFRUIT,4990,1,4985.0,2.0,4984.0,29.0,4991,31,,,,,4990.5,103600
0,103700,STARFRUIT,4985,10,4984.0,20.0,,,4991,22,,,,,4988.0,103700
0,103800,STARFRUIT,4984,31,,,,,4990,2,4991.0,29.0,,,4987.0,103800
0,103900,STARFRUIT,4984,22,,,,,4991,22,,,,,4987.5,103900
0,104000,STARFRUIT,4983,29,,,,,4990,29,,,,,4986.5,104000
0,104100,STARFRUIT,4983,30,,,,,4985,3,4988.0,6.0,4990.0,30.0,4984.0,104100
0,104200,STARFRUIT,4984,23,,,,,4991,23,,,,,4987.5,104200
0,104300,STARFRUIT,4984,24,,,,,4990,1,4991.0,23.0,,,4987.0,104300
0,104400,STARFRUIT,4989,5,4985.0,8.0,4984.0,21.0,4991,21,,,,,4990.0,104400
0,104500,STARFRUIT,4985,3,4984.0,25.0,,,4991,25,,,,,4988.0,104500
0,104600,STARFRUIT,4985,4,4984.0,26.0,,,4991,27,,,,,4988.0,104600
0,104700,STARFRUIT,4985,24,,,,,4991,1,4992.0,24.0,,,4988.0,104700
0,104800,STARFRUIT,4986,5,4985.0,27.0,,,4992,27,,,,,4989.0,104800
0,104900,STARFRUIT,4990,1,4985.0,28.0,,,4991,1,4992.0,27.0,,,4990.5,104900
0,105000,STARFRUIT,4985,31,,,,,4992,31,,,,,4988.5,105000
0,105100,STARFRUIT,4986,2,4985.0,27.0,,,4992,29,,,,,4989.0,105100
0,105200,STARFRUIT,4985,22,,,,,4986,1,4992.0,22.0,,,4985.5,105200
0,105300,STARFRUIT,4986,3,4985.0,23.0,,,4992,23,,,,,4989.0,105300
0,105400,STARFRUIT,4985,29,,,,,4990,4,4992.0,29.0,,,4987.5,105400
0,105500,STARFRUIT,4986,22,,,,,4993,22,,,,,4989.5,105500
0,105600,STARFRUIT,4986,29,,,,,4991,3,4993.0,29.0,,,4988.5,105600
0,105700,STARFRUIT,4986,31,,,,,4993,31,,,,,4989.5,105700
0,105800,STARFRUIT,4986,28,,,,,4989,6,4992.0,2.0,4993.0,26.0,4987.5,105800
0,105900,STARFRUIT,4985,27,,,,,4992,27,,,,,4988.5,105900
0,106000,STARFRUIT,4984,23,,,,,4991,23,,,,,4987.5,106000
0,106100,STARFRUIT,4985,2,4984.0,24.0,,,4991,26,,,,,4988.0,106100
0,106200,STARFRUIT,4985,2,4984.0,23.0,,,4991,23,,,,,4988.0,106200
0,106300,STARFRUIT,4984,22,,,,,4991,22,,,,,4987.5,106300
0,106400,STARFRUIT,4984,1,4983.0,25.0,,,4990,26,,,,,4987.0,106400
0,106500,STARFRUIT,4983,22,,,,,4990,22,,,,,4986.5,106500
0,106600,STARFRUIT,4984,7,4983.0,20.0,,,4990,20,,,,,4987.0,106600
0,106700,STARFRUIT,4983,1,4982.0,29.0,,,4987,8,4989.0,30.0,,,4985.0,106700
0,106800,STARFRUIT,4983,23,,,,,4990,23,,,,,4986.5,106800
0,106900,STARFRUIT,4983,23,,,,,4984,10,4989.0,2.0,4990.0,21.0,4983.5,106900
0,107000,STARFRUIT,4983,27,,,,,4990,27,,,,,4986.5,107000
0,107100,STARFRUIT,4988,1,4983.0,30.0,,,4990,30,,,,,4989.0,107100
0,107200,STARFRUIT,4983,26,,,,,4990,26,,,,,4986.5,107200
0,107300,STARFRUIT,4983,29,,,,,4988,1,4990.0,29.0,,,4985.5,107300
0,107400,STARFRUIT,4983,25,,,,,4990,25,,,,,4986.5,107400
0,107500,STARFRUIT,4983,25,,,,,4990,25,,,,,4986.5,107500
0,107600,STARFRUIT,4983,22,,,,,4990,22,,,,,4986.5,107600
0,107700,STARFRUIT,4987,4,4984.0,2.0,4983.0,22.0,4990,22,,,,,4988.5,107700
0,107800,STARFRUIT,4989,1,4983.0,22.0,,,4990,22,,,,,4989.5,107800
0,107900,STARFRUIT,4983,25,,,,,4989,2,4990.0,23.0,,,4986.0,107900
0,108000,STARFRUIT,4982,32,,,,,4989,32,,,,,4985.5,108000
0,108100,STARFRUIT,4982,29,,,,,4983,5,4989.0,29.0,,,4982.5,108100
0,108200,STARFRUIT,4982,25,,,,,4988,2,4989.0,23.0,,,4985.0,108200
0,108300,STARFRUIT,4982,27,,,,,4989,27,,,,,4985.5,108300
0,108400,STARFRUIT,4987,1,4982.0,27.0,,,4989,27,,,,,4988.0,108400
0,108500,STARFRUIT,4982,26,,,,,4985,2,4989.0,26.0,,,4983.5,108500
0,108600,STARFRUIT,4982,26,,,,,4984,2,4989.0,26.0,,,4983.0,108600
0,108700,STARFRUIT,4982,26,,,,,4989,26,,,,,4985.5,108700
0,108800,STARFRUIT,4982,20,,,,,4987,4,4989.0,21.0,,,4984.5,108800
0,108900,STARFRUIT,4982,28,,,,,4989,28,,,,,4985.5,108900
0,109000,STARFRUIT,4982,22,,,,,4987,8,4989.0,22.0,,,4984.5,109000
0,109100,STARFRUIT,4986,3,4984.0,6.0,4983.0,23.0,4989,2,4990.0,21.0,,,4987.5,109100
0,109200,STARFRUIT,4983,5,4982.0,26.0,,,4989,26,,,,,4986.0,109200
0,109300,STARFRUIT,4982,23,,,,,4989,23,,,,,4985.5,109300
0,109400,STARFRUIT,4988,1,4983.0,1.0,4982.0,29.0,4989,30,,,,,4988.5,109400
0,109500,STARFRUIT,4983,2,4982.0,20.0,,,4989,22,,,,,4986.0,109500
0,109600,STARFRUIT,4983,23,,,,,4990,23,,,,,4986.5,109600
0,109700,STARFRUIT,4983,28,,,,,4990,28,,,,,4986.5,109700
0,109800,STARFRUIT,4983,29,,,,,4989,2,4990.0,27.0,,,4986.0,109800
0,109900,STARFRUIT,4983,26,,,,,4988,7,4990.0,26.0,,,4985.5,109900
0,110000,STARFRUIT,4983,2,4982.0,30.0,,,4989,30,,,,,4986.0,110000
0,110100,STARFRUIT,4987,2,4983.0,5.0,4982.0,23.0,4989,24,,,,,4988.0,110100
0,110200,STARFRUIT,4983,23,,,,,4990,23,,,,,4986.5,110200
0,110300,STARFRUIT,4983,30,,,,,4989,1,4990.0,29.0,,,4986.0,110300
0,110400,STARFRUIT,4983,29,,,,,4990,29,,,,,4986.5,110400
0,110500,STARFRUIT,4983,23,,,,,4989,1,4990.0,22.0,,,4986.0,110500
0,110600,STARFRUIT,4982,23,,,,,4989,23,,,,,4985.5,110600
0,110700,STARFRUIT,4982,22,,,,,4989,22,,,,,4985.5,110700
0,110800,STARFRUIT,4981,27,,,,,4988,27,,,,,4984.5,110800
0,110900,STARFRUIT,4981,32,,,,,4988,32,,,,,4984.5,110900
0,111000,STARFRUIT,4981,28,,,,,4988,28,,,,,4984.5,111000
0,111100,STARFRUIT,4981,21,,,,,4988,21,,,,,4984.5,111100
0,111200,STARFRUIT,4982,27,,,,,4985,3,4989.0,27.0,,,4983.5,111200
0,111300,STARFRUIT,4986,3,4982.0,20.0,,,4989,20,,,,,4987.5,111300
0,111400,STARFRUIT,4982,28,,,,,4989,28,,,,,4985.5,111400
0,111500,STARFRUIT,4982,25,,,,,4987,6,4989.0,25.0,,,4984.5,111500
0,111600,STARFRUIT,4982,31,,,,,4984,2,4987.0,2.0,4989.0,31.0,4983.0,111600
0,111700,STARFRUIT,4981,28,,,,,4988,28,,,,,4984.5,111700
0,111800,STARFRUIT,4982,8,4981.0,26.0,,,4987,1,4988.0,25.0,,,4984.5,111800
0,111900,STARFRUIT,4981,26,,,,,4988,26,,,,,4984.5,111900
0,112000,STARFRUIT,4984,5,4981.0,28.0,,,4987,28,,,,,4985.5,112000
0,112100,STARFRUIT,4981,25,,,,,4988,25,,,,,4984.5,112100
0,112200,STARFRUIT,4982,3,4981.0,29.0,,,4988,29,,,,,4985.0,112200
0,112300,STARFRUIT,4981,2,4980.0,23.0,,,4987,23,,,,,4984.0,112300
0,112400,STARFRUIT,4986,1,4980.0,29.0,,,4987,29,,,,,4986.5,112400
0,112500,STARFRUIT,4980,27,,,,,4981,1,4987.0,27.0,,,4980.5,112500
0,112600,STARFRUIT,4980,30,,,,,4985,7,4987.0,30.0,,,4982.5,112600
0,112700,STARFRUIT,4980,1,4979.0,21.0,,,4986,22,,,,,4983.0,112700
0,112800,STARFRUIT,4983,2,4980.0,22.0,,,4986,2,4987.0,20.0,,,4984.5,112800
0,112900,STARFRUIT,4979,23,,,,,4984,4,4986.0,23.0,,,4981.5,112900
0,113000,STARFRUIT,4980,24,,,,,4986,1,4987.0,23.0,,,4983.0,113000
0,113100,STARFRUIT,4985,1,4980.0,25.0,,,4987,25,,,,,4986.0,113100
0,113200,STARFRUIT,4980,27,,,,,4987,28,,,,,4983.5,113200
0,113300,STARFRUIT,4980,21,,,,,4985,4,4986.0,1.0,4987.0,20.0,4982.5,113300
0,113400,STARFRUIT,4980,1,4979.0,20.0,,,4984,7,4986.0,21.0,,,4982.0,113400
0,113500,STARFRUIT,4980,6,4979.0,20.0,,,4986,20,,,,,4983.0,113500
0,113600,STARFRUIT,4978,28,,,,,4979,1,4985.0,28.0,,,4978.5,113600
0,113700,STARFRUIT,4978,26,,,,,4983,1,4985.0,26.0,,,4980.5,113700
0,113800,STARFRUIT,4979,28,,,,,4983,2,4985.0,28.0,,,4981.0,113800
0,113900,STARFRUIT,4980,1,4979.0,28.0,,,4985,1,4986.0,27.0,,,4982.5,113900
0,114000,STARFRUIT,4978,26,,,,,4985,26,,,,,4981.5,114000
0,114100,STARFRUIT,4983,9,4979.0,3.0,4978.0,28.0,4985,28,,,,,4984.0,114100
0,114200,STARFRUIT,4978,28,,,,,4985,28,,,,,4981.5,114200
0,114300,STARFRUIT,4978,22,,,,,4979,1,4985.0,22.0,,,4978.5,114300
0,114400,STARFRUIT,4978,25,,,,,4983,5,4984.0,2.0,4985.0,23.0,4980.5,114400
0,114500,STARFRUIT,4979,1,4978.0,27.0,,,4983,1,4985.0,28.0,,,4981.0,114500
0,114600,STARFRUIT,4978,21,,,,,4985,21,,,,,4981.5,114600
0,114700,STARFRUIT,4980,5,4979.0,26.0,,,4986,26,,,,,4983.0,114700
0,114800,STARFRUIT,4980,31,,,,,4985,4,4986.0,2.0,4987.0,29.0,4982.5,114800
0,114900,STARFRUIT,4979,25,,,,,4986,25,,,,,4982.5,114900
0,115000,STARFRUIT,4980,23,,,,,4986,2,4987.0,22.0,,,4983.0,115000
0,115100,STARFRUIT,4980,26,,,,,4985,8,4986.0,2.0,4987.0,24.0,4982.5,115100
0,115200,STARFRUIT,4980,21,,,,,4987,22,,,,,4983.5,115200
0,115300,STARFRUIT,4980,28,,,,,4987,28,,,,,4983.5,115300
0,115400,STARFRUIT,4981,8,4980.0,26.0,,,4987,26,,,,,4984.0,115400
0,115500,STARFRUIT,4980,30,,,,,4986,2,4987.0,28.0,,,4983.0,115500
0,115600,STARFRUIT,4979,27,,,,,4981,3,4986.0,27.0,,,4980.0,115600
0,115700,STARFRUIT,4979,25,,,,,4984,4,4985.0,1.0,4986.0,24.0,4981.5,115700
0,115800,STARFRUIT,4984,1,4979.0,31.0,,,4985,1,4986.0,30.0,,,4984.5,115800
0,115900,STARFRUIT,4979,23,,,,,4985,1,4986.0,22.0,,,4982.0,115900
0,116000,STARFRUIT,4979,27,,,,,4984,3,4985.0,1.0,4986.0,26.0,4981.5,116000
0,116100,STARFRUIT,4979,32,,,,,4985,2,4986.0,30.0,,,4982.0,116100
0,116200,STARFRUIT,4979,23,,,,,4985,1,4986.0,22.0,,,4982.0,116200
0,116300,STARFRUIT,4979,25,,,,,4986,25,,,,,4982.5,116300
0,116400,STARFRUIT,4978,23,,,,,4983,1,4985.0,23.0,,,4980.5,116400
0,116500,STARFRUIT,4978,30,,,,,4984,2,4985.0,28.0,,,4981.0,116500
0,116600,STARFRUIT,4978,22,,,,,4981,3,4983.0,1.0,4984.0,2.0,4979.5,116600
0,116700,STARFRUIT,4983,1,4978.0,30.0,,,4985,30,,,,,4984.0,116700
0,116800,STARFRUIT,4978,25,,,,,4985,25,,,,,4981.5,116800
0,116900,STARFRUIT,4979,2,4978.0,30.0,,,4981,5,4985.0,32.0,,,4980.0,116900
0,117000,STARFRUIT,4979,2,4978.0,22.0,,,4983,2,4985.0,24.0,,,4981.0,117000
0,117100,STARFRUIT,4979,27,,,,,4984,2,4985.0,2.0,4986.0,25.0,4981.5,117100
0,117200,STARFRUIT,4978,26,,,,,4985,26,,,,,4981.5,117200
0,117300,STARFRUIT,4978,27,,,,,4983,2,4985.0,27.0,,,4980.5,117300
0,117400,STARFRUIT,4978,7,4977.0,28.0,,,4984,28,,,,,4981.0,117400
0,117500,STARFRUIT,4979,1,4978.0,26.0,,,4985,26,,,,,4982.0,117500
0,117600,STARFRUIT,4978,23,,,,,4985,23,,,,,4981.5,117600
0,117700,STARFRUIT,4984,1,4978.0,27.0,,,4985,27,,,,,4984.5,117700
0,117800,STARFRUIT,4978,26,,,,,4981,4,4984.0,2.0,4985.0,24.0,4979.5,117800
0,117900,STARFRUIT,4977,22,,,,,4984,22,,,,,4980.5,117900
0,118000,STARFRUIT,4977,7,4976.0,28.0,,,4983,28,,,,,4980.0,118000
0,118100,STARFRUIT,4976,29,,,,,4983,29,,,,,4979.5,118100
0,118200,STARFRUIT,4979,3,4977.0,3.0,4976.0,29.0,4983,29,,,,,4981.0,118200
0,118300,STARFRUIT,4976,1,4975.0,25.0,,,4980,5,4982.0,26.0,,,4978.0,118300
0,118400,STARFRUIT,4976,5,4975.0,23.0,,,4982,23,,,,,4979.0,118400
0,118500,STARFRUIT,4975,30,,,,,4980,7,4982.0,30.0,,,4977.5,118500
0,118600,STARFRUIT,4975,30,,,,,4982,31,,,,,4978.5,118600
0,118700,STARFRUIT,4975,28,,,,,4982,28,,,,,4978.5,118700
0,118800,STARFRUIT,4975,29,,,,,4982,29,,,,,4978.5,118800
0,118900,STARFRUIT,4975,29,,,,,4982,29,,,,,4978.5,118900
0,119000,STARFRUIT,4975,32,,,,,4980,3,4982.0,32.0,,,4977.5,119000
0,119100,STARFRUIT,4974,23,,,,,4981,23,,,,,4977.5,119100
0,119200,STARFRUIT,4975,4,4974.0,27.0,,,4981,27,,,,,4978.0,119200
0,119300,STARFRUIT,4974,29,,,,,4981,29,,,,,4977.5,119300
0,119400,STARFRUIT,4974,24,,,,,4981,24,,,,,4977.5,119400
0,119500,STARFRUIT,4973,26,,,,,4980,27,,,,,4976.5,119500
0,119600,STARFRUIT,4974,21,,,,,4980,1,4981.0,20.0,,,4977.0,119600
0,119700,STARFRUIT,4974,7,4973.0,28.0,,,4980,30,,,,,4977.0,119700
0,119800,STARFRUIT,4974,9,4973.0,29.0,,,4980,31,,,,,4977.0,119800
0,119900,STARFRUIT,4974,27,,,,,4979,3,4981.0,27.0,,,4976.5,119900
0,120000,STARFRUIT,4973,23,,,,,4978,3,4980.0,23.0,,,4975.5,120000
0,120100,STARFRUIT,4973,27,,,,,4979,1,4980.0,26.0,,,4976.0,120100
0,120200,STARFRUIT,4973,20,,,,,4980,21,,,,,4976.5,120200
0,120300,STARFRUIT,4973,5,4972.0,28.0,,,4979,29,,,,,4976.0,120300
0,120400,STARFRUIT,4973,5,4972.0,31.0,,,4979,31,,,,,4976.0,120400
0,120500,STARFRUIT,4972,31,,,,,4979,31,,,,,4975.5,120500
0,120600,STARFRUIT,4972,28,,,,,4979,28,,,,,4975.5,120600
0,120700,STARFRUIT,4973,2,4972.0,28.0,,,4979,29,,,,,4976.0,120700
0,120800,STARFRUIT,4978,1,4975.0,6.0,4973.0,6.0,4979,29,,,,,4978.5,120800
0,120900,STARFRUIT,4973,1,4972.0,29.0,,,4977,3,4979.0,30.0,,,4975.0,120900
0,121000,STARFRUIT,4973,27,,,,,4979,2,4980.0,25.0,,,4976.0,121000
0,121100,STARFRUIT,4974,1,4973.0,26.0,,,4980,27,,,,,4977.0,121100
0,121200,STARFRUIT,4974,2,4973.0,23.0,,,4980,24,,,,,4977.0,121200
0,121300,STARFRUIT,4974,23,,,,,4981,23,,,,,4977.5,121300
0,121400,STARFRUIT,4975,1,4974.0,25.0,,,4979,6,4981.0,26.0,,,4977.0,121400
0,121500,STARFRUIT,4975,2,4974.0,23.0,,,4981,25,,,,,4978.0,121500
0,121600,STARFRUIT,4975,1,4974.0,29.0,,,4981,30,,,,,4978.0,121600
0,121700,STARFRUIT,4974,27,,,,,4981,27,,,,,4977.5,121700
0,121800,STARFRUIT,4974,23,,,,,4979,5,4980.0,1.0,4981.0,22.0,4976.5,121800
0,121900,STARFRUIT,4974,24,,,,,4981,24,,,,,4977.5,121900
0,122000,STARFRUIT,4974,22,,,,,4975,9,4980.0,2.0,4981.0,20.0,4974.5,122000
0,122100,STARFRUIT,4974,21,,,,,4979,8,4981.0,21.0,,,4976.5,122100
0,122200,STARFRUIT,4975,5,4974.0,20.0,,,4981,20,,,,,4978.0,122200
0,122300,STARFRUIT,4974,3,4973.0,30.0,,,4980,32,,,,,4977.0,122300
0,122400,STARFRUIT,4973,20,,,,,4978,5,4980.0,20.0,,,4975.5,122400
0,122500,STARFRUIT,4973,22,,,,,4978,5,4980.0,22.0,,,4975.5,122500
0,122600,STARFRUIT,4974,2,4973.0,27.0,,,4980,29,,,,,4977.0,122600
0,122700,STARFRUIT,4973,26,,,,,4980,27,,,,,4976.5,122700
0,122800,STARFRUIT,4973,26,,,,,4980,26,,,,,4976.5,122800
0,122900,STARFRUIT,4973,28,,,,,4978,6,4980.0,28.0,,,4975.5,122900
0,123000,STARFRUIT,4974,1,4973.0,24.0,,,4979,2,4980.0,22.0,,,4976.5,123000
0,123100,STARFRUIT,4973,31,,,,,4974,5,4980.0,32.0,,,4973.5,123100
0,123200,STARFRUIT,4978,1,4976.0,6.0,4974.0,6.0,4980,30,,,,,4979.0,123200
0,123300,STARFRUIT,4978,9,4973.0,28.0,,,4980,28,,,,,4979.0,123300
0,123400,STARFRUIT,4973,25,,,,,4980,25,,,,,4976.5,123400
0,123500,STARFRUIT,4974,4,4973.0,26.0,,,4980,26,,,,,4977.0,123500
0,123600,STARFRUIT,4973,28,,,,,4980,28,,,,,4976.5,123600
0,123700,STARFRUIT,4972,31,,,,,4979,31,,,,,4975.5,123700
0,123800,STARFRUIT,4972,24,,,,,4978,2,4979.0,22.0,,,4975.0,123800
0,123900,STARFRUIT,4977,1,4973.0,2.0,4972.0,27.0,4978,1,4979.0,26.0,,,4977.5,123900
0,124000,STARFRUIT,4977,1,4972.0,28.0,,,4978,1,4979.0,27.0,,,4977.5,124000
0,124100,STARFRUIT,4971,22,,,,,4978,22,,,,,4974.5,124100
0,124200,STARFRUIT,4974,3,4972.0,1.0,4971.0,24.0,4978,25,,,,,4976.0,124200
0,124300,STARFRUIT,4972,29,,,,,4979,29,,,,,4975.5,124300
0,124400,STARFRUIT,4971,21,,,,,4978,21,,,,,4974.5,124400
0,124500,STARFRUIT,4971,26,,,,,4977,26,,,,,4974.0,124500
0,124600,STARFRUIT,4971,22,,,,,4972,3,4977.0,1.0,4978.0,21.0,4971.5,124600
0,124700,STARFRUIT,4970,26,,,,,4977,26,,,,,4973.5,124700
0,124800,STARFRUIT,4970,25,,,,,4976,1,4977.0,24.0,,,4973.0,124800
0,124900,STARFRUIT,4969,30,,,,,4976,30,,,,,4972.5,124900
0,125000,STARFRUIT,4970,2,4969.0,26.0,,,4976,28,,,,,4973.0,125000
0,125100,STARFRUIT,4970,1,4969.0,30.0,,,4976,32,,,,,4973.0,125100
0,125200,STARFRUIT,4970,1,4969.0,25.0,,,4974,1,4976.0,26.0,,,4972.0,125200
0,125300,STARFRUIT,4969,27,,,,,4976,27,,,,,4972.5,125300
0,125400,STARFRUIT,4969,32,,,,,4974,6,4976.0,32.0,,,4971.5,125400
0,125500,STARFRUIT,4970,28,,,,,4976,2,4977.0,26.0,,,4973.0,125500
0,125600,STARFRUIT,4969,29,,,,,4974,7,4976.0,29.0,,,4971.5,125600
0,125700,STARFRUIT,4969,27,,,,,4975,2,4976.0,25.0,,,4972.0,125700
0,125800,STARFRUIT,4969,22,,,,,4975,2,4976.0,20.0,,,4972.0,125800
0,125900,STARFRUIT,4969,6,4968.0,21.0,,,4975,23,,,,,4972.0,125900
0,126000,STARFRUIT,4969,30,,,,,4976,30,,,,,4972.5,126000
0,126100,STARFRUIT,4969,26,,,,,4976,26,,,,,4972.5,126100
0,126200,STARFRUIT,4969,29,,,,,4971,2,4976.0,29.0,,,4970.0,126200
0,126300,STARFRUIT,4969,3,4968.0,28.0,,,4975,28,,,,,4972.0,126300
0,126400,STARFRUIT,4969,1,4968.0,29.0,,,4975,30,,,,,4972.0,126400
0,126500,STARFRUIT,4969,27,,,,,4976,27,,,,,4972.5,126500
0,126600,STARFRUIT,4969,26,,,,,4974,2,4976.0,26.0,,,4971.5,126600
0,126700,STARFRUIT,4969,26,,,,,4976,26,,,,,4972.5,126700
0,126800,STARFRUIT,4969,25,,,,,4976,25,,,,,4972.5,126800
0,126900,STARFRUIT,4970,9,4969.0,24.0,,,4976,25,,,,,4973.0,126900
0,127000,STARFRUIT,4970,28,,,,,4977,28,,,,,4973.5,127000
0,127100,STARFRUIT,4970,20,,,,,4977,20,,,,,4973.5,127100
0,127200,STARFRUIT,4971,1,4970.0,24.0,,,4976,2,4977.0,22.0,,,4973.5,127200
0,127300,STARFRUIT,4970,23,,,,,4976,1,4977.0,23.0,,,4973.0,127300
0,127400,STARFRUIT,4970,2,4969.0,24.0,,,4976,24,,,,,4973.0,127400
0,127500,STARFRUIT,4969,24,,,,,4974,2,4976.0,24.0,,,4971.5,127500
0,127600,STARFRUIT,4968,21,,,,,4971,3,4975.0,22.0,,,4969.5,127600
0,127700,STARFRUIT,4968,26,,,,,4973,7,4975.0,26.0,,,4970.5,127700
0,127800,STARFRUIT,4969,2,4968.0,22.0,,,4973,1,4975.0,24.0,,,4971.0,127800
0,127900,STARFRUIT,4970,5,4969.0,28.0,,,4975,1,4976.0,27.0,,,4972.5,127900
0,128000,STARFRUIT,4969,2,4968.0,25.0,,,4975,27,,,,,4972.0,128000
0,128100,STARFRUIT,4970,6,4969.0,26.0,,,4976,26,,,,,4973.0,128100
0,128200,STARFRUIT,4968,22,,,,,4975,22,,,,,4971.5,128200
0,128300,STARFRUIT,4968,22,,,,,4973,6,4975.0,22.0,,,4970.5,128300
0,128400,STARFRUIT,4968,31,,,,,4969,9,4974.0,1.0,4975.0,30.0,4968.5,128400
0,128500,STARFRUIT,4968,28,,,,,4975,28,,,,,4971.5,128500
0,128600,STARFRUIT,4969,5,4968.0,29.0,,,4975,31,,,,,4972.0,128600
0,128700,STARFRUIT,4969,29,,,,,4974,2,4975.0,1.0,4976.0,28.0,4971.5,128700
0,128800,STARFRUIT,4975,1,4969.0,24.0,,,4976,24,,,,,4975.5,128800
0,128900,STARFRUIT,4974,3,4969.0,25.0,,,4976,25,,,,,4975.0,128900
0,129000,STARFRUIT,4971,5,4970.0,22.0,,,4977,22,,,,,4974.0,129000
0,129100,STARFRUIT,4969,29,,,,,4976,29,,,,,4972.5,129100
0,129200,STARFRUIT,4969,30,,,,,4976,30,,,,,4972.5,129200
0,129300,STARFRUIT,4969,28,,,,,4975,2,4976.0,26.0,,,4972.0,129300
0,129400,STARFRUIT,4969,24,,,,,4976,24,,,,,4972.5,129400
0,129500,STARFRUIT,4970,1,4969.0,25.0,,,4976,25,,,,,4973.0,129500
0,129600,STARFRUIT,4969,29,,,,,4974,6,4976.0,29.0,,,4971.5,129600
0,129700,STARFRUIT,4970,19,,,,,4976,20,,,,,4973.0,129700
0,129800,STARFRUIT,4971,1,4970.0,21.0,,,4977,21,,,,,4974.0,129800
0,129900,STARFRUIT,4970,27,,,,,4977,27,,,,,4973.5,129900
0,130000,STARFRUIT,4970,23,,,,,4976,1,4977.0,22.0,,,4973.0,130000
0,130100,STARFRUIT,4970,31,,,,,4977,31,,,,,4973.5,130100
0,130200,STARFRUIT,4970,24,,,,,4976,2,4977.0,23.0,,,4973.0,130200
0,130300,STARFRUIT,4970,29,,,,,4977,30,,,,,4973.5,130300
0,130400,STARFRUIT,4969,26,,,,,4972,3,4976.0,27.0,,,4970.5,130400
0,130500,STARFRUIT,4969,31,,,,,4976,31,,,,,4972.5,130500
0,130600,STARFRUIT,4974,1,4969.0,25.0,,,4975,25,,,,,4974.5,130600
0,130700,STARFRUIT,4969,25,,,,,4976,25,,,,,4972.5,130700
0,130800,STARFRUIT,4969,24,,,,,4973,5,4975.0,24.0,,,4971.0,130800
0,130900,STARFRUIT,4969,31,,,,,4975,2,4976.0,29.0,,,4972.0,130900
0,131000,STARFRUIT,4968,27,,,,,4973,7,4975.0,27.0,,,4970.5,131000
0,131100,STARFRUIT,4968,24,,,,,4969,1,4970.0,5.0,4971.0,2.0,4968.5,131100
0,131200,STARFRUIT,4969,29,,,,,4976,29,,,,,4972.5,131200
0,131300,STARFRUIT,4969,1,4968.0,26.0,,,4975,27,,,,,4972.0,131300
0,131400,STARFRUIT,4969,30,,,,,4976,30,,,,,4972.5,131400
0,131500,STARFRUIT,4969,22,,,,,4975,22,,,,,4972.0,131500
0,131600,STARFRUIT,4968,20,,,,,4973,5,4975.0,20.0,,,4970.5,131600
0,131700,STARFRUIT,4968,2,4967.0,22.0,,,4974,24,,,,,4971.0,131700
0,131800,STARFRUIT,4968,30,,,,,4975,30,,,,,4971.5,131800
0,131900,STARFRUIT,4968,23,,,,,4975,23,,,,,4971.5,131900
0,132000,STARFRUIT,4968,25,,,,,4975,25,,,,,4971.5,132000
0,132100,STARFRUIT,4968,30,,,,,4969,7,4975.0,30.0,,,4968.5,132100
0,132200,STARFRUIT,4968,2,4967.0,20.0,,,4974,22,,,,,4971.0,132200
0,132300,STARFRUIT,4971,4,4968.0,27.0,,,4975,27,,,,,4973.0,132300
0,132400,STARFRUIT,4969,25,,,,,4976,25,,,,,4972.5,132400
0,132500,STARFRUIT,4968,31,,,,,4975,31,,,,,4971.5,132500
0,132600,STARFRUIT,4968,25,,,,,4973,7,4974.0,2.0,4975.0,23.0,4970.5,132600
0,132700,STARFRUIT,4967,24,,,,,4968,3,4973.0,1.0,4974.0,23.0,4967.5,132700
0,132800,STARFRUIT,4968,1,4967.0,21.0,,,4974,22,,,,,4971.0,132800
0,132900,STARFRUIT,4968,26,,,,,4975,26,,,,,4971.5,132900
0,133000,STARFRUIT,4969,22,,,,,4975,1,4976.0,21.0,,,4972.0,133000
0,133100,STARFRUIT,4969,30,,,,,4975,1,4976.0,29.0,,,4972.0,133100
0,133200,STARFRUIT,4968,26,,,,,4975,26,,,,,4971.5,133200
0,133300,STARFRUIT,4968,25,,,,,4973,5,4975.0,25.0,,,4970.5,133300
0,133400,STARFRUIT,4968,22,,,,,4975,22,,,,,4971.5,133400
0,133500,STARFRUIT,4968,20,,,,,4975,20,,,,,4971.5,133500
0,133600,STARFRUIT,4968,5,4967.0,26.0,,,4974,26,,,,,4971.0,133600
0,133700,STARFRUIT,4967,29,,,,,4974,29,,,,,4970.5,133700
0,133800,STARFRUIT,4967,26,,,,,4974,26,,,,,4970.5,133800
0,133900,STARFRUIT,4968,2,4967.0,25.0,,,4974,27,,,,,4971.0,133900
0,134000,STARFRUIT,4968,29,,,,,4975,29,,,,,4971.5,134000
0,134100,STARFRUIT,4973,9,4968.0,29.0,,,4975,29,,,,,4974.0,134100
0,134200,STARFRUIT,4968,27,,,,,4969,2,4975.0,27.0,,,4968.5,134200
0,134300,STARFRUIT,4973,1,4968.0,27.0,,,4974,27,,,,,4973.5,134300
0,134400,STARFRUIT,4967,26,,,,,4974,26,,,,,4970.5,134400
0,134500,STARFRUIT,4967,26,,,,,4974,26,,,,,4970.5,134500
0,134600,STARFRUIT,4967,26,,,,,4974,26,,,,,4970.5,134600
0,134700,STARFRUIT,4968,5,4967.0,31.0,,,4974,31,,,,,4971.0,134700
0,134800,STARFRUIT,4968,2,4967.0,21.0,,,4972,8,4974.0,23.0,,,4970.0,134800
0,134900,STARFRUIT,4968,1,4967.0,28.0,,,4974,29,,,,,4971.0,134900
0,135000,STARFRUIT,4967,22,,,,,4974,22,,,,,4970.5,135000
0,135100,STARFRUIT,4967,26,,,,,4974,26,,,,,4970.5,135100
0,135200,STARFRUIT,4967,23,,,,,4974,23,,,,,4970.5,135200
0,135300,STARFRUIT,4966,26,,,,,4967,1,4973.0,26.0,,,4966.5,135300
0,135400,STARFRUIT,4967,21,,,,,4974,21,,,,,4970.5,135400
0,135500,STARFRUIT,4967,25,,,,,4974,25,,,,,4970.5,135500
0,135600,STARFRUIT,4967,24,,,,,4974,25,,,,,4970.5,135600
0,135700,STARFRUIT,4967,26,,,,,4972,1,4974.0,26.0,,,4969.5,135700
0,135800,STARFRUIT,4967,26,,,,,4974,26,,,,,4970.5,135800
0,135900,STARFRUIT,4968,24,,,,,4974,24,,,,,4971.0,135900
0,136000,STARFRUIT,4968,1,4967.0,28.0,,,4972,3,4974.0,29.0,,,4970.0,136000
0,136100,STARFRUIT,4968,28,,,,,4973,4,4974.0,1.0,4975.0,27.0,4970.5,136100
0,136200,STARFRUIT,4967,20,,,,,4974,20,,,,,4970.5,136200
0,136300,STARFRUIT,4969,2,4968.0,25.0,,,4975,25,,,,,4972.0,136300
0,136400,STARFRUIT,4969,8,4968.0,25.0,,,4975,25,,,,,4972.0,136400
0,136500,STARFRUIT,4968,25,,,,,4975,26,,,,,4971.5,136500
0,136600,STARFRUIT,4967,29,,,,,4974,29,,,,,4970.5,136600
0,136700,STARFRUIT,4967,29,,,,,4974,29,,,,,4970.5,136700
0,136800,STARFRUIT,4968,1,4967.0,22.0,,,4972,8,4974.0,23.0,,,4970.0,136800
0,136900,STARFRUIT,4969,2,4968.0,26.0,,,4975,26,,,,,4972.0,136900
0,137000,STARFRUIT,4968,2,4967.0,26.0,,,4974,28,,,,,4971.0,137000
0,137100,STARFRUIT,4968,31,,,,,4973,5,4975.0,31.0,,,4970.5,137100
0,137200,STARFRUIT,4969,22,,,,,4972,3,4974.0,3.0,4976.0,22.0,4970.5,137200
0,137300,STARFRUIT,4973,2,4969.0,1.0,4968.0,30.0,4975,31,,,,,4974.0,137300
0,137400,STARFRUIT,4969,24,,,,,4975,24,,,,,4972.0,137400
0,137500,STARFRUIT,4974,1,4968.0,25.0,,,4975,25,,,,,4974.5,137500
0,137600,STARFRUIT,4968,25,,,,,4975,25,,,,,4971.5,137600
0,137700,STARFRUIT,4968,1,4967.0,28.0,,,4974,29,,,,,4971.0,137700
0,137800,STARFRUIT,4968,30,,,,,4974,2,4975.0,28.0,,,4971.0,137800
0,137900,STARFRUIT,4967,27,,,,,4974,27,,,,,4970.5,137900
0,138000,STARFRUIT,4967,26,,,,,4973,2,4974.0,24.0,,,4970.0,138000
0,138100,STARFRUIT,4967,32,,,,,4974,32,,,,,4970.5,138100
0,138200,STARFRUIT,4967,31,,,,,4974,31,,,,,4970.5,138200
0,138300,STARFRUIT,4973,1,4967.0,32.0,,,4974,32,,,,,4973.5,138300
0,138400,STARFRUIT,4967,25,,,,,4973,1,4974.0,24.0,,,4970.0,138400
0,138500,STARFRUIT,4967,2,4966.0,29.0,,,4971,6,4973.0,31.0,,,4969.0,138500
0,138600,STARFRUIT,4967,1,4966.0,23.0,,,4971,2,4973.0,24.0,,,4969.0,138600
0,138700,STARFRUIT,4966,22,,,,,4971,3,4973.0,22.0,,,4968.5,138700
0,138800,STARFRUIT,4972,1,4967.0,5.0,4966.0,29.0,4973,31,,,,,4972.5,138800
0,138900,STARFRUIT,4967,22,,,,,4974,22,,,,,4970.5,138900
0,139000,STARFRUIT,4973,1,4968.0,4.0,4967.0,20.0,4974,20,,,,,4973.5,139000
0,139100,STARFRUIT,4967,1,4966.0,23.0,,,4973,24,,,,,4970.0,139100
0,139200,STARFRUIT,4966,26,,,,,4971,5,4973.0,26.0,,,4968.5,139200
0,139300,STARFRUIT,4966,30,,,,,4973,30,,,,,4969.5,139300
0,139400,STARFRUIT,4967,1,4966.0,21.0,,,4973,22,,,,,4970.0,139400
0,139500,STARFRUIT,4972,1,4967.0,5.0,4966.0,21.0,4973,21,,,,,4972.5,139500
0,139600,STARFRUIT,4966,23,,,,,4973,23,,,,,4969.5,139600
0,139700,STARFRUIT,4966,30,,,,,4973,30,,,,,4969.5,139700
0,139800,STARFRUIT,4967,8,4966.0,27.0,,,4972,1,4973.0,26.0,,,4969.5,139800
0,139900,STARFRUIT,4965,25,,,,,4972,25,,,,,4968.5,139900
0,140000,STARFRUIT,4965,26,,,,,4972,26,,,,,4968.5,140000
0,140100,STARFRUIT,4966,1,4965.0,27.0,,,4972,28,,,,,4969.0,140100
0,140200,STARFRUIT,4966,23,,,,,4972,1,4973.0,22.0,,,4969.0,140200
0,140300,STARFRUIT,4966,1,4965.0,24.0,,,4972,25,,,,,4969.0,140300
0,140400,STARFRUIT,4966,29,,,,,4971,4,4973.0,29.0,,,4968.5,140400
0,140500,STARFRUIT,4965,28,,,,,4972,28,,,,,4968.5,140500
0,140600,STARFRUIT,4966,2,4965.0,28.0,,,4972,30,,,,,4969.0,140600
0,140700,STARFRUIT,4971,1,4967.0,4.0,4966.0,29.0,4973,29,,,,,4972.0,140700
0,140800,STARFRUIT,4967,3,4966.0,29.0,,,4972,2,4973.0,27.0,,,4969.5,140800
0,140900,STARFRUIT,4965,21,,,,,4972,22,,,,,4968.5,140900
0,141000,STARFRUIT,4966,30,,,,,4972,1,4973.0,29.0,,,4969.0,141000
0,141100,STARFRUIT,4965,2,4964.0,21.0,,,4969,5,4971.0,23.0,,,4967.0,141100
0,141200,STARFRUIT,4964,23,,,,,4971,23,,,,,4967.5,141200
0,141300,STARFRUIT,4964,27,,,,,4971,27,,,,,4967.5,141300
0,141400,STARFRUIT,4969,1,4965.0,6.0,4964.0,25.0,4971,25,,,,,4970.0,141400
0,141500,STARFRUIT,4963,31,,,,,4968,5,4970.0,31.0,,,4965.5,141500
0,141600,STARFRUIT,4966,2,4963.0,28.0,,,4968,6,4970.0,28.0,,,4967.0,141600
0,141700,STARFRUIT,4968,10,4963.0,32.0,,,4970,32,,,,,4969.0,141700
0,141800,STARFRUIT,4964,7,4963.0,31.0,,,4970,31,,,,,4967.0,141800
0,141900,STARFRUIT,4963,22,,,,,4970,22,,,,,4966.5,141900
0,142000,STARFRUIT,4964,21,,,,,4970,1,4971.0,20.0,,,4967.0,142000
0,142100,STARFRUIT,4964,21,,,,,4969,1,4971.0,21.0,,,4966.5,142100
0,142200,STARFRUIT,4965,8,4964.0,28.0,,,4971,28,,,,,4968.0,142200
0,142300,STARFRUIT,4963,26,,,,,4969,1,4970.0,25.0,,,4966.0,142300
0,142400,STARFRUIT,4964,2,4963.0,30.0,,,4970,32,,,,,4967.0,142400
0,142500,STARFRUIT,4963,23,,,,,4970,23,,,,,4966.5,142500
0,142600,STARFRUIT,4962,25,,,,,4969,25,,,,,4965.5,142600
0,142700,STARFRUIT,4962,27,,,,,4969,27,,,,,4965.5,142700
0,142800,STARFRUIT,4968,1,4967.0,4.0,4964.0,1.0,4970,29,,,,,4969.0,142800
0,142900,STARFRUIT,4964,1,4963.0,20.0,,,4970,20,,,,,4967.0,142900
0,143000,STARFRUIT,4962,24,,,,,4969,24,,,,,4965.5,143000
0,143100,STARFRUIT,4963,28,,,,,4970,28,,,,,4966.5,143100
0,143200,STARFRUIT,4963,26,,,,,4970,26,,,,,4966.5,143200
0,143300,STARFRUIT,4963,25,,,,,4964,1,4970.0,25.0,,,4963.5,143300
0,143400,STARFRUIT,4965,4,4964.0,31.0,,,4970,2,4971.0,29.0,,,4967.5,143400
0,143500,STARFRUIT,4964,5,4963.0,24.0,,,4970,24,,,,,4967.0,143500
0,143600,STARFRUIT,4963,29,,,,,4966,4,4969.0,2.0,4970.0,27.0,4964.5,143600
0,143700,STARFRUIT,4963,30,,,,,4970,30,,,,,4966.5,143700
0,143800,STARFRUIT,4964,27,,,,,4968,6,4970.0,27.0,,,4966.0,143800
0,143900,STARFRUIT,4969,1,4963.0,23.0,,,4970,23,,,,,4969.5,143900
0,144000,STARFRUIT,4963,20,,,,,4970,20,,,,,4966.5,144000
0,144100,STARFRUIT,4963,1,4962.0,28.0,,,4967,4,4969.0,29.0,,,4965.0,144100
0,144200,STARFRUIT,4963,2,4962.0,31.0,,,4969,31,,,,,4966.0,144200
0,144300,STARFRUIT,4962,28,,,,,4967,4,4969.0,28.0,,,4964.5,144300
0,144400,STARFRUIT,4963,3,4962.0,29.0,,,4969,29,,,,,4966.0,144400
0,144500,STARFRUIT,4962,29,,,,,4967,2,4969.0,29.0,,,4964.5,144500
0,144600,STARFRUIT,4963,25,,,,,4970,25,,,,,4966.5,144600
0,144700,STARFRUIT,4963,21,,,,,4968,3,4969.0,1.0,4970.0,20.0,4965.5,144700
0,144800,STARFRUIT,4963,31,,,,,4968,6,4970.0,31.0,,,4965.5,144800
0,144900,STARFRUIT,4963,28,,,,,4970,28,,,,,4966.5,144900
0,145000,STARFRUIT,4964,22,,,,,4970,1,4971.0,21.0,,,4967.0,145000
0,145100,STARFRUIT,4964,2,4963.0,24.0,,,4970,26,,,,,4967.0,145100
0,145200,STARFRUIT,4963,26,,,,,4969,2,4970.0,24.0,,,4966.0,145200
0,145300,STARFRUIT,4963,23,,,,,4968,6,4970.0,23.0,,,4965.5,145300
0,145400,STARFRUIT,4963,29,,,,,4967,2,4969.0,29.0,,,4965.0,145400
0,145500,STARFRUIT,4963,31,,,,,4970,31,,,,,4966.5,145500
0,145600,STARFRUIT,4963,28,,,,,4969,1,4970.0,27.0,,,4966.0,145600
0,145700,STARFRUIT,4963,3,4962.0,22.0,,,4969,22,,,,,4966.0,145700
0,145800,STARFRUIT,4967,1,4962.0,23.0,,,4969,23,,,,,4968.0,145800
0,145900,STARFRUIT,4968,1,4962.0,24.0,,,4969,24,,,,,4968.5,145900
0,146000,STARFRUIT,4967,1,4962.0,22.0,,,4969,22,,,,,4968.0,146000
0,146100,STARFRUIT,4962,30,,,,,4969,30,,,,,4965.5,146100
0,146200,STARFRUIT,4962,29,,,,,4967,5,4969.0,29.0,,,4964.5,146200
0,146300,STARFRUIT,4963,23,,,,,4970,23,,,,,4966.5,146300
0,146400,STARFRUIT,4963,24,,,,,4966,4,4969.0,2.0,4970.0,22.0,4964.5,146400
0,146500,STARFRUIT,4963,25,,,,,4969,1,4970.0,24.0,,,4966.0,146500
0,146600,STARFRUIT,4962,27,,,,,4967,6,4969.0,27.0,,,4964.5,146600
0,146700,STARFRUIT,4962,22,,,,,4967,3,4969.0,22.0,,,4964.5,146700
0,146800,STARFRUIT,4968,1,4962.0,23.0,,,4969,23,,,,,4968.5,146800
0,146900,STARFRUIT,4963,25,,,,,4964,3,4969.0,2.0,4970.0,24.0,4963.5,146900
0,147000,STARFRUIT,4962,26,,,,,4969,26,,,,,4965.5,147000
0,147100,STARFRUIT,4962,25,,,,,4964,4,4967.0,8.0,4969.0,25.0,4963.0,147100
0,147200,STARFRUIT,4963,22,,,,,4969,22,,,,,4966.0,147200
0,147300,STARFRUIT,4962,30,,,,,4969,31,,,,,4965.5,147300
0,147400,STARFRUIT,4962,30,,,,,4969,30,,,,,4965.5,147400
0,147500,STARFRUIT,4963,1,4962.0,22.0,,,4969,23,,,,,4966.0,147500
0,147600,STARFRUIT,4962,28,,,,,4969,28,,,,,4965.5,147600
0,147700,STARFRUIT,4962,22,,,,,4969,22,,,,,4965.5,147700
0,147800,STARFRUIT,4967,1,4963.0,4.0,4962.0,29.0,4968,2,4969.0,27.0,,,4967.5,147800
0,147900,STARFRUIT,4962,26,,,,,4968,2,4969.0,24.0,,,4965.0,147900
0,148000,STARFRUIT,4964,2,4961.0,27.0,,,4966,5,4968.0,27.0,,,4965.0,148000
0,148100,STARFRUIT,4962,1,4961.0,26.0,,,4963,3,4968.0,27.0,,,4962.5,148100
0,148200,STARFRUIT,4967,1,4962.0,23.0,,,4969,23,,,,,4968.0,148200
0,148300,STARFRUIT,4961,23,,,,,4962,10,4966.0,6.0,4968.0,23.0,4961.5,148300
0,148400,STARFRUIT,4964,3,4961.0,26.0,,,4968,26,,,,,4966.0,148400
0,148500,STARFRUIT,4966,1,4961.0,20.0,,,4968,20,,,,,4967.0,148500
0,148600,STARFRUIT,4962,21,,,,,4968,1,4969.0,20.0,,,4965.0,148600
0,148700,STARFRUIT,4962,1,4961.0,27.0,,,4968,27,,,,,4965.0,148700
0,148800,STARFRUIT,4961,25,,,,,4968,25,,,,,4964.5,148800
0,148900,STARFRUIT,4964,4,4961.0,23.0,,,4966,7,4968.0,23.0,,,4965.0,148900
0,149000,STARFRUIT,4961,27,,,,,4962,2,4968.0,27.0,,,4961.5,149000
0,149100,STARFRUIT,4961,26,,,,,4968,26,,,,,4964.5,149100
0,149200,STARFRUIT,4961,3,4960.0,29.0,,,4967,30,,,,,4964.0,149200
0,149300,STARFRUIT,4961,23,,,,,4967,23,,,,,4964.0,149300
0,149400,STARFRUIT,4960,28,,,,,4963,3,4965.0,7.0,4967.0,28.0,4961.5,149400
0,149500,STARFRUIT,4960,21,,,,,4965,7,4967.0,21.0,,,4962.5,149500
0,149600,STARFRUIT,4960,28,,,,,4961,3,4967.0,28.0,,,4960.5,149600
0,149700,STARFRUIT,4959,24,,,,,4966,24,,,,,4962.5,149700
0,149800,STARFRUIT,4960,2,4959.0,28.0,,,4966,30,,,,,4963.0,149800
0,149900,STARFRUIT,4959,30,,,,,4964,1,4966.0,30.0,,,4961.5,149900
0,150000,STARFRUIT,4959,29,,,,,4964,7,4966.0,29.0,,,4961.5,150000
0,150100,STARFRUIT,4960,27,,,,,4964,2,4966.0,27.0,,,4962.0,150100
0,150200,STARFRUIT,4960,30,,,,,4965,2,4966.0,2.0,4967.0,28.0,4962.5,150200
0,150300,STARFRUIT,4959,31,,,,,4964,8,4966.0,31.0,,,4961.5,150300
0,150400,STARFRUIT,4959,21,,,,,4966,21,,,,,4962.5,150400
0,150500,STARFRUIT,4964,1,4959.0,31.0,,,4965,31,,,,,4964.5,150500
0,150600,STARFRUIT,4958,23,,,,,4965,23,,,,,4961.5,150600
0,150700,STARFRUIT,4960,6,4959.0,26.0,,,4966,26,,,,,4963.0,150700
0,150800,STARFRUIT,4963,2,4959.0,27.0,,,4964,8,4966.0,27.0,,,4963.5,150800
0,150900,STARFRUIT,4959,30,,,,,4966,30,,,,,4962.5,150900
0,151000,STARFRUIT,4960,2,4959.0,21.0,,,4966,23,,,,,4963.0,151000
0,151100,STARFRUIT,4960,4,4959.0,30.0,,,4966,30,,,,,4963.0,151100
0,151200,STARFRUIT,4959,22,,,,,4965,1,4966.0,21.0,,,4962.0,151200
0,151300,STARFRUIT,4959,23,,,,,4961,2,4966.0,23.0,,,4960.0,151300
0,151400,STARFRUIT,4959,21,,,,,4960,1,4966.0,21.0,,,4959.5,151400
0,151500,STARFRUIT,4959,31,,,,,4964,5,4966.0,31.0,,,4961.5,151500
0,151600,STARFRUIT,4962,3,4960.0,2.0,4959.0,24.0,4966,26,,,,,4964.0,151600
0,151700,STARFRUIT,4960,29,,,,,4966,1,4967.0,28.0,,,4963.0,151700
0,151800,STARFRUIT,4960,27,,,,,4966,2,4967.0,25.0,,,4963.0,151800
0,151900,STARFRUIT,4960,30,,,,,4966,1,4967.0,30.0,,,4963.0,151900
0,152000,STARFRUIT,4965,1,4960.0,26.0,,,4966,2,4967.0,24.0,,,4965.5,152000
0,152100,STARFRUIT,4960,2,4959.0,30.0,,,4966,32,,,,,4963.0,152100
0,152200,STARFRUIT,4959,1,4958.0,22.0,,,4965,23,,,,,4962.0,152200
0,152300,STARFRUIT,4959,31,,,,,4965,2,4966.0,30.0,,,4962.0,152300
0,152400,STARFRUIT,4960,2,4959.0,28.0,,,4961,2,4964.0,5.0,4966.0,30.0,4960.5,152400
0,152500,STARFRUIT,4960,32,,,,,4967,32,,,,,4963.5,152500
0,152600,STARFRUIT,4961,27,,,,,4967,1,4968.0,26.0,,,4964.0,152600
0,152700,STARFRUIT,4964,5,4961.0,28.0,,,4968,28,,,,,4966.0,152700
0,152800,STARFRUIT,4965,3,4961.0,23.0,,,4967,2,4968.0,21.0,,,4966.0,152800
0,152900,STARFRUIT,4960,23,,,,,4967,23,,,,,4963.5,152900
0,153000,STARFRUIT,4961,2,4960.0,23.0,,,4967,25,,,,,4964.0,153000
0,153100,STARFRUIT,4962,7,4961.0,30.0,,,4968,30,,,,,4965.0,153100
0,153200,STARFRUIT,4961,22,,,,,4967,22,,,,,4964.0,153200
0,153300,STARFRUIT,4961,29,,,,,4968,29,,,,,4964.5,153300
0,153400,STARFRUIT,4960,27,,,,,4963,2,4965.0,4.0,4967.0,27.0,4961.5,153400
0,153500,STARFRUIT,4961,28,,,,,4967,2,4968.0,26.0,,,4964.0,153500
0,153600,STARFRUIT,4962,6,4961.0,21.0,,,4967,21,,,,,4964.5,153600
0,153700,STARFRUIT,4961,32,,,,,4966,3,4967.0,2.0,4968.0,30.0,4963.5,153700
0,153800,STARFRUIT,4967,1,4961.0,26.0,,,4968,26,,,,,4967.5,153800
0,153900,STARFRUIT,4961,20,,,,,4968,21,,,,,4964.5,153900
0,154000,STARFRUIT,4962,22,,,,,4963,10,4969.0,22.0,,,4962.5,154000
0,154100,STARFRUIT,4962,23,,,,,4969,23,,,,,4965.5,154100
0,154200,STARFRUIT,4962,29,,,,,4967,4,4969.0,29.0,,,4964.5,154200
0,154300,STARFRUIT,4964,2,4963.0,24.0,,,4969,2,4970.0,22.0,,,4966.5,154300
0,154400,STARFRUIT,4962,25,,,,,4969,25,,,,,4965.5,154400
0,154500,STARFRUIT,4968,1,4967.0,5.0,4963.0,4.0,4969,31,,,,,4968.5,154500
0,154600,STARFRUIT,4963,2,4962.0,25.0,,,4969,27,,,,,4966.0,154600
0,154700,STARFRUIT,4962,22,,,,,4967,7,4969.0,23.0,,,4964.5,154700
0,154800,STARFRUIT,4962,28,,,,,4967,3,4969.0,29.0,,,4964.5,154800
0,154900,STARFRUIT,4965,4,4963.0,1.0,4962.0,30.0,4969,31,,,,,4967.0,154900
0,155000,STARFRUIT,4963,3,4962.0,29.0,,,4969,31,,,,,4966.0,155000
0,155100,STARFRUIT,4963,2,4962.0,20.0,,,4969,22,,,,,4966.0,155100
0,155200,STARFRUIT,4963,24,,,,,4968,7,4969.0,2.0,4970.0,22.0,4965.5,155200
0,155300,STARFRUIT,4963,25,,,,,4969,25,,,,,4966.0,155300
0,155400,STARFRUIT,4963,23,,,,,4970,23,,,,,4966.5,155400
0,155500,STARFRUIT,4963,22,,,,,4970,22,,,,,4966.5,155500
0,155600,STARFRUIT,4963,32,,,,,4969,2,4970.0,30.0,,,4966.0,155600
0,155700,STARFRUIT,4963,22,,,,,4970,22,,,,,4966.5,155700
0,155800,STARFRUIT,4964,1,4963.0,21.0,,,4970,22,,,,,4967.0,155800
0,155900,STARFRUIT,4965,8,4964.0,29.0,,,4970,2,4971.0,27.0,,,4967.5,155900
0,156000,STARFRUIT,4963,28,,,,,4970,28,,,,,4966.5,156000
0,156100,STARFRUIT,4967,8,4963.0,1.0,4962.0,23.0,4969,24,,,,,4968.0,156100
0,156200,STARFRUIT,4963,1,4962.0,24.0,,,4964,5,4969.0,25.0,,,4963.5,156200
0,156300,STARFRUIT,4962,26,,,,,4969,26,,,,,4965.5,156300
0,156400,STARFRUIT,4965,2,4962.0,21.0,,,4969,21,,,,,4967.0,156400
0,156500,STARFRUIT,4962,32,,,,,4967,8,4969.0,32.0,,,4964.5,156500
0,156600,STARFRUIT,4962,27,,,,,4969,27,,,,,4965.5,156600
0,156700,STARFRUIT,4963,2,4962.0,29.0,,,4969,31,,,,,4966.0,156700
0,156800,STARFRUIT,4963,24,,,,,4970,24,,,,,4966.5,156800
0,156900,STARFRUIT,4963,21,,,,,4969,1,4970.0,20.0,,,4966.0,156900
0,157000,STARFRUIT,4963,32,,,,,4969,2,4970.0,30.0,,,4966.0,157000
0,157100,STARFRUIT,4964,7,4963.0,27.0,,,4970,27,,,,,4967.0,157100
0,157200,STARFRUIT,4964,23,,,,,4970,2,4971.0,21.0,,,4967.0,157200
0,157300,STARFRUIT,4963,30,,,,,4970,30,,,,,4966.5,157300
0,157400,STARFRUIT,4964,1,4963.0,26.0,,,4970,27,,,,,4967.0,157400
0,157500,STARFRUIT,4964,28,,,,,4971,28,,,,,4967.5,157500
0,157600,STARFRUIT,4970,1,4965.0,26.0,,,4971,1,4972.0,25.0,,,4970.5,157600
0,157700,STARFRUIT,4965,24,,,,,4972,24,,,,,4968.5,157700
0,157800,STARFRUIT,4966,6,4965.0,23.0,,,4972,25,,,,,4969.0,157800
0,157900,STARFRUIT,4965,27,,,,,4966,5,4972.0,27.0,,,4965.5,157900
0,158000,STARFRUIT,4965,24,,,,,4970,4,4972.0,25.0,,,4967.5,158000
0,158100,STARFRUIT,4966,2,4965.0,25.0,,,4972,27,,,,,4969.0,158100
